@inproceedings{abaee2010enhancement,
	title={Enhancement of Bug Tracking Tools; the Debugger},
	author={Abaee, Golnoosh and Guru, DS},
	booktitle={Proceedings of the 2\textsuperscript{nd} International Conference on Software Technology and Engineering},
	volume={1},
	pages={V1--165},
	year={2010},
	organization={IEEE}
}
@inproceedings{abdalkareem2017developers,
	title={Why do developers use trivial packages? {A}n empirical case study on npm},
	author={Abdalkareem, Rabe and Nourry, Olivier and Wehaibi, Sultan and Mujahid, Suhaib and Shihab, Emad},
	booktitle={Joint Meeting on Foundations of Software Engineering},
	pages={385--395},
	year={2017},
	organization={ACM}
}
@inproceedings{aboukhalil2019bug,
	title={Studying the Impact of Policy Changes on Bug Handling Performance},
	author={Abou Khalil, Zeinab},
	year={2019},
	booktitle={Proceedings of the 35\textsuperscript{th} International Conference on Software Maintenance and Evolution},
	organization={IEEE}
}
@inproceedings{Aebischer2015TheED,
	title={The Energy Demand of {ICT}: A Historical Perspective and Current Methodological Challenges},
	author={Bernard Aebischer and Lorenz M. Hilty},
	booktitle={ICT Innovations for Sustainability},
	year={2015}
}
@incollection{allen2017engineering,
	title={Engineering Academic Software},
	subtitle={Manifesto from Dagstuhl Perspectives Workshop 16252},
	author={Allen, Alice and Aragon, Cecilia and Becker, Christoph and Carver, Jeffrey and Chis, Andrei and Combemale, Benoit and Croucher, Mike and Crowston, Kevin and Garijo, Daniel and Gehani, Ashish and others},
	booktitle={Dagstuhl Manifestos},
	volume={6},
	year={2017},
	publisher={Schloss Dagstuhl-Leibniz-Zentrum fuer Informatik}
}
@inproceedings{alrubaye2019migration,
	title={{MigrationMiner}: An Automated Detection Tool of Third-Party {Java} Library Migration at the Method Level},
	author={Alrubaye, Hussein and Wiem Mkaouer, Mohamed and Ouni, Ali},
	year={2019},
	booktitle={Proceedings of the 35\textsuperscript{th} International Conference on Software Maintenance and Evolution},
	organization={IEEE}
}
@misc{anaconda,
	author = {{Anaconda, Inc.}},
	title = {Anaconda},
	year = {2012},
	howpublished = {\url{https://www.anaconda.com/}},
	note = {Last accessed September 20\textsuperscript{th}, 2019}
}
@misc{andrew_nesbitt_2017_808273,
	author       = {Andrew Nesbitt and
	Benjamin Nickolls},
	title        = {Libraries.io Open Source Repository and Dependency Metadata},
	month        = jun,
	year         = 2017,
	doi          = {10.5281/zenodo.808273},
	url          = {\url{https://doi.org/10.5281/zenodo.808273}}
}
@book{angrist2014mastering,
	title={Mastering 'metrics: The path from cause to effect},
	author={Angrist, Joshua D and Pischke, J{\"o}rn-Steffen},
	year={2014},
	publisher={Princeton University Press}
}
@book{angrist2008mostly,
	title={Mostly harmless econometrics: An empiricist's companion},
	author={Angrist, Joshua D and Pischke, J{\"o}rn-Steffen},
	year={2008},
	publisher={Princeton university press}
}
@inproceedings{anvik2005coping,
	title={Coping with an open bug repository},
	author={Anvik, John and Hiew, Lyndon and Murphy, Gail C},
	booktitle={Proceedings of the 2005 OOPSLA workshop on Eclipse technology eXchange},
	pages={35--39},
	year={2005},
	organization={ACM}
}
@inproceedings{Anvika,
	author = {Anvik, John and Hiew, Lyndon and Murphy, Gail C},
	isbn = {159593085X},
	booktitle = {Proceedings of the 28\textsuperscript{th} International Conference on Software Engineering},
	pages = {361--370},
	title = {{Who Should Fix This Bug?}},
	year = {2006},
	organization = {IEEE/ACM}
}
@misc{apache_how_it_works,
	author={{Apache Software Foundation}},
	title={How it works},
	howpublished={\url{https://www.apache.org/foundation/how-it-works.html}},
	note={Last accessed September 21\textsuperscript{st}, 2019}
}
@misc{appveyor,
	title={{AppVeyor}},
	author={{AppVeyor Systems Inc.}},
	howpublished={\url{https://www.appveyor.com/}},
	note={Last accessed September 9\textsuperscript{th}, 2019}
}
@misc{apt,
	title={Advanced Packaging Tool},
	author={White, Brian and others},
	year={1998--2019},
	howpublished={\url{https://salsa.debian.org/apt-team/apt}},
	note={Last accessed September 17\textsuperscript{th}, 2019}
}
@inproceedings{aspinall2000proof,
	title={{Proof General}: A generic tool for proof development},
	author={Aspinall, David},
	booktitle={International Conference on Tools and Algorithms for the Construction and Analysis of Systems},
	pages={38--43},
	year={2000},
	organization={Springer}
}
@misc{autoconf,
	title={Autoconf},
	author={MacKenzie, David and Elliston, Ben and Eggert, Paul and Blake, Eric and others},
	year={1996--2017},
	howpublished={\url{https://www.gnu.org/software/autoconf/}},
	note={Last accessed September 17\textsuperscript{th}, 2019}
}
@inproceedings{avelino2019abandonment,
	title={On the abandonment and survival of open source projects: An empirical investigation},
	author={Avelino, Guilherme and Constantinou, Eleni and Valente, Marco Tulio and Serebrenik, Alexander},
	booktitle={Proceedings of the 13\textsuperscript{th} International Symposium on Empirical Software Engineering and Measurement},
        organization={IEEE/ACM},
	year={2019}
}
@misc{azure_pipelines,
	title={Azure Pipelines},
	author={Microsoft},
	howpublished={\url{https://azure.microsoft.com/en-us/services/devops/pipelines/}},
	note={Last accessed September 9\textsuperscript{th}, 2019}
}
@misc{barnson2001bugzilla,
	title={The {Bugzilla} Guide},
	author={Barnson, Matthew P and others},
	year={2001},
	howpublished={\url{http://ftp.task.gda.pl/mirror/sunsite.unc.edu/pub/Linux/docs/linux-doc-project/bugzilla-guide/Bugzilla-Guide.pdf}},
	note={Last accessed September 12\textsuperscript{th}, 2019}
}
@misc{barras2004translator,
	title={Translation from {Coq V7 to V8}},
	author={Barras, Bruno and Herbelin, Hugo and Desmettre, Olivier},
	year={2004},
	howpublished={\url{https://coq.inria.fr/distrib/V8.0pl3/coq-8.0pl3-translator.tar.gz}},
	note={Last accessed September 10\textsuperscript{th}, 2019}
}
@inproceedings{baysal2013situational,
	title={Situational awareness: personalizing issue tracking systems},
	author={Baysal, Olga and Holmes, Reid and Godfrey, Michael W},
	booktitle={Proceedings of the 35\textsuperscript{th} International Conference on Software Engineering},
	pages={1185--1188},
	year={2013},
	organization={IEEE/ACM}
}
@inproceedings{baysal2014no,
	title={No issue left behind: Reducing information overload in issue tracking},
	author={Baysal, Olga and Holmes, Reid and Godfrey, Michael W},
	booktitle={Proceedings of the 22\textsuperscript{nd} International Symposium on Foundations of Software Engineering},
	pages={666--677},
	year={2014},
	organization={ACM}
}
@misc{benkiki2009yaml,
	title={{YAML} {A}in’t {M}arkup {L}anguage Version 1.2},
	author={Ben-Kiki, Oren and Evans, Clark and döt Net, Ingy},
	year={2009},
	edition={3\textsuperscript{rd}},
	howpublished={\url{https://yaml.org/spec/1.2/spec.html}},
	note={Last accessed August 15\textsuperscript{th}, 2019}
}
@article{berger2019impact,
	title={On the Impact of Programming Languages on Code Quality},
	author={Berger, Emery D and Hollenbeck, Celeste and Maj, Petr and Vitek, Olga and Vitek, Jan},
	journal={Transactions on Programming Languages and Systems (TOPLAS)},
	year={2019},
	organization={ACM},
	note={To appear.}
}
@book{bertot2004interactive,
	title={Interactive Theorem Proving and Program Development --- {Coq’Art}: The Calculus of Inductive Constructions},
	author={Bertot, Yves and Cast{\'e}ran, Pierre},
	year={2004},
	publisher={Springer Science \& Business Media}
}
@inproceedings{Bettenburg2008,
	title={Duplicate bug reports considered harmful... really?},
	author={Bettenburg, Nicolas and Premraj, Rahul and {Thomas Zimmermann} and Kim, Sunghun},
	booktitle = {Proceedings of the 24\textsuperscript{th} International Conference on Software Maintenance},
	pages={337--345},
	year={2008},
	organization={IEEE}
}
@inproceedings{bissyande2013got,
	title={Got issues? {W}ho cares about it? {A} large scale investigation of issue trackers from {GitHub}},
	author={Bissyand{\'e}, Tegawend{\'e} F and Lo, David and Jiang, Lingxiao and R{\'e}veillere, Laurent and Klein, Jacques and Le Traon, Yves},
	booktitle={Proceedings of the 24\textsuperscript{th} International Symposium on Software Reliability Engineering},
	pages={188--197},
	year={2013},
	organization={IEEE}
}
@misc{boats2018organizational,
	title={Organizational Debt},
	author={Boats, Without},
	year={2018},
	howpublished={\url{https://boats.gitlab.io/blog/post/rust-2019/}},
	note={Last accessed September 26\textsuperscript{th}, 2019}
}
@misc{boettiger2015drat,
	title={A drat repository for {rOpenSci}},
	author={Boettiger, Carl},
	year={2015},
	howpublished={\url{https://ropensci.org/blog/2015/08/04/a-drat-repository-for-ropensci/}},
	note={Last accessed August 30\textsuperscript{th}, 2019}
}
@inproceedings{bogart2016break,
	title={How to break an {API}: cost negotiation and community values in three software ecosystems},
	author={Bogart, Christopher and K{\"a}stner, Christian and Herbsleb, James and Thung, Ferdian},
	booktitle={Proceedings of the 24\textsuperscript{th} International Symposium on Foundations of Software Engineering},
	pages={109--120},
	year={2016},
	organization={ACM}
}
@misc{Bogart2017,
	author = {Bogart, Christopher and Filippova, Anna and Herbsleb, James and Kastner, Christian},
	title = {Culture and Breaking Change: A Survey of Values and Practices in 18 Open Source Software Ecosystems},
	year = {2017},
	howpublished = {\url{https://doi.org/10.1184/R1/5108716.v1}}
}
@phdthesis{bortis2016porchlight,
	title={PorchLight: A Tag-based Approach to Bug Triaging},
	author={Bortis, Gerald Terry},
	year={2016},
	school={University of California at Irvine}
}
@misc{Bot_Research_Repository,
	author = {Abdellatif, Ahmad and Badran, Khaled and Shihab, Emad},
	title = {A Repository of Research Articles on Software Bots},
	publisher = {Data-Driven Analysis of Software (DAS) Lab, Concordia University},
	note = {\url{http://papers.botse.org}}
}
@article{bour2018merlin,
	title={Merlin: a language server for {OCaml} (experience report)},
	author={Bour, Fr{\'e}d{\'e}ric and Refis, Thomas and Scherer, Gabriel},
	journal={Proceedings of the ACM on Programming Languages},
	volume={2},
	number={ICFP},
	year={2018},
	publisher={ACM}
}
@inproceedings{breu2010information,
	title={Information needs in bug reports: improving cooperation between developers and users},
	author={Breu, Silvia and Premraj, Rahul and Sillito, Jonathan and {Thomas Zimmermann}},
	booktitle={Proceedings of the 2010 Conference on Computer Supported Cooperative Work},
	pages={301--310},
	year={2010},
	organization={ACM}
}
@inproceedings{brindescu2014centralized,
	title={How do centralized and distributed version control systems impact software changes?},
	author={Brindescu, Caius and Codoban, Mihai and Shmarkatiuk, Sergii and Dig, Danny},
	booktitle={Proceedings of the 36\textsuperscript{th} International Conference on Software Engineering},
	pages={322--333},
	year={2014},
	organization={ACM}
}
@misc{bugzilla2github,
	title={bugzilla2github},
	author={Berestovsky, Andriy},
	year={2018},
	howpublished={\url{https://github.com/berestovskyy/bugzilla2github/}},
	note={Last accessed November 29\textsuperscript{th}, 2019}
}
@book{buyya2008content,
	title={Content delivery networks},
	author={Buyya, Rajkumar and Pathan, Mukaddim and Vakali, Athena},
	volume={9},
	year={2008},
	publisher={Springer Science \& Business Media}
}
@misc{byron2017graphql,
	title={{GraphQL}: A data query language},
	author={Byron, Lee},
	howpublished={\url{https://engineering.fb.com/core-data/graphql-a-data-query-language/}},
	year={2015},
	note={Last accessed August 13\textsuperscript{th}, 2019}
}
@misc{cabal_manual,
	title={Cabal User Guide},
	author={{Cabal team}},
	year={2003--2017},
	howpublished={\url{https://www.haskell.org/cabal/users-guide/index.html}},
	note={Last accessed September 1\textsuperscript{st}, 2019}
}
@inproceedings{cabot2015exploring,
	title={Exploring the use of labels to categorize issues in open-source software projects},
	author={Cabot, Jordi and Izquierdo, Javier Luis C{\'a}novas and Cosentino, Valerio and Rolandi, Bel{\'e}n},
	booktitle={Proceedings of the 22\textsuperscript{nd} International Conference on Software Analysis, Evolution, and Reengineering (SANER)},
	pages={550--554},
	year={2015},
	organization={IEEE}
}
@misc{cargo_book,
	title={The {Cargo} Book},
	author={{Rust team}},
        year={2017--2019},
	howpublished={\url{https://doc.rust-lang.org/stable/cargo/}},
	note={Last accessed September 2\textsuperscript{nd}, 2019}
}
@INPROCEEDINGS{celik2017regression,
	author={A. {Celik} and K. {Palmskog} and M. {Gligoric}},
	booktitle={Proceedings of the 32\textsuperscript{nd} International Conference on Automated Software Engineering},
	title={{ICoq}: Regression proof selection for large-scale verification projects},
	year={2017},
	organization={IEEE/ACM},
	pages={171--182},
	doi={10.1109/ASE.2017.8115630}
}
@article{cesar2017frequent,
	title={Frequent releases in open source software: A systematic review},
	author={Cesar Brand{\~a}o Gomes da Silva, Antonio and de Figueiredo Carneiro, Glauco and Brito e Abreu, Fernando and Pessoa Monteiro, Miguel},
	journal={Information},
	volume={8},
	number={3},
	pages={109},
	year={2017},
	publisher={Multidisciplinary Digital Publishing Institute}
}
@misc{chocolatey,
	title={Chocolatey: The package manager for Windows},
	author={Reynolds, Rob and others},
	year={2011--2019},
	howpublished={\url{https://chocolatey.org/}},
	note={Last accessed September 17\textsuperscript{th}, 2019}
}
@misc{circleci,
	title={{CircleCI}},
	author={CircleCI},
        year={2011--2019},
	howpublished={\url{https://circleci.com/}},
	note={Last accessed September 9\textsuperscript{th}, 2019}
}
@misc{claret2014opam,
	title={Use OPAM for {Coq}},
	author={Claret, Guillaume},
	year={2014},
	howpublished={\url{http://coq-blog.clarus.me/use-opam-for-coq.html}},
	note={Last accessed September 2\textsuperscript{nd}, 2019}
}
@techreport{claret2015opam,
	title={{OPAM for Coq}},
	author={Claret, Guillaume},
	year={2015},
	institution={Inria},
	type={{HAL preprint hal-02292537}}
}
@inproceedings{coelho2017modern,
	title={Why modern open source projects fail},
	author={Coelho, Jailton and Valente, Marco Tulio},
	booktitle={Proceedings of the 11\textsuperscript{th} Joint Meeting on Foundations of Software Engineering},
	pages={186--196},
	year={2017},
	organization={ACM}
}
@book{coghlan2019doing,
	title={Doing action research in your own organization},
	author={Coghlan, David and Brannick, Teresa},
	year={2019},
	publisher={SAGE Publications}
}
@misc{cohttp2019,
	author = {Anil Madhavapeddy and Stefano Zacchiroli and David Sheets, Thomas Gazagnaire and David Scott and Rudi Grinberg and Andy Ray},
	title = {Cohttp: An {OCaml} library for {HTTP} clients and servers},
	year = {2009--2019},
	howpublished = {\url{https://github.com/mirage/ocaml-cohttp}},
	version = {2.3.0},
	note = {Last accessed September 7\textsuperscript{th}, 2019}
}
@misc{composer,
	author = {Nils Adermann, Jordi Boggiano and others},
	title = {Composer: A Dependency Manager for PHP},
	year = {2012--2019},
	howpublished = {\url{https://getcomposer.org/}},
	note = {Last accessed September 20\textsuperscript{th}, 2019}
}
@misc{conventional_changelog,
	title={Conventional Changelog},
	author={{Conventional Changelog team}},
	howpublished={\url{https://github.com/conventional-changelog/conventional-changelog}},
	note={Last accessed August 26\textsuperscript{th}, 2019}
}
@misc{coq_ci_inclusion_policy,
	title={Information for external library / {Coq} plugin authors},
	author={Gallego Arias, Emilio and Zimmermann, Th\'eo and others},
	year={2017--2019},
	howpublished={\url{https://github.com/coq/coq/blob/7282163/dev/ci/README-users.md}},
	note={Last accessed September 10\textsuperscript{th}, 2019}
}
@misc{coq_ci_dev_info,
	title={Information for developers about the {CI} system},
	author={Gallego Arias, Emilio and Zimmermann, Th\'eo and Gilbert, Ga\"etan and others},
	year={2017--2019},
	howpublished={\url{https://github.com/coq/coq/blob/ae5ffa2/dev/ci/README-developers.md}},
	note={Last accessed September 11\textsuperscript{th}, 2019}
}
@misc{coq_ci_overlay_prep,
	title={Add overlays for your pull requests in this directory},
	author={Zimmermann, Th\'eo and Gallego Arias, Emilio and others},
	year={2017--2019},
	howpublished={\url{https://github.com/coq/coq/blob/df804ec/dev/ci/user-overlays/README.md}},
	note={Last accessed September 11\textsuperscript{th}, 2019}
}
@misc{coq_contributing_guide,
title={Guide to contributing to {Coq}},
author={Chajed, Tej and Zimmermann, Th\'eo and others},
year={2017--2019},
howpublished={\url{https://github.com/coq/coq/blob/396f814/CONTRIBUTING.md}},
note={Last accessed September 9\textsuperscript{th}, 2019}
}
@misc{coq_refman,
	title={The {Coq} reference manual},
	author={{Coq development team}},
	year={1984--2019},
	howpublished={\url{https://github.com/coq/coq/releases/download/V8.10.0/coq-8.10.0-reference-manual.pdf}},
	note={Last accessed October 10\textsuperscript{th}, 2019}
}
@misc{coq_release_checklist,
	title={Release process (checklist)},
	author={Zimmermann, Th\'eo and others},
	year={2018--2019},
	howpublished={\url{https://github.com/coq/coq/blob/e6322e2/dev/doc/release-process.md}},
	note={Last accessed September 16\textsuperscript{th}, 2019}
}
@misc{corbet2002kernel,
title={The {Ottawa} Kernel Summit, Day Two},
author={Jonathan Corbet},
year={2002},
howpublished={\url{https://lwn.net/Articles/3467/}},
note={Last accessed September 15\textsuperscript{th}, 2019}
}
@misc{corbet2019linux,
	title={The case of the supersized shebang},
	author={Corbet, Jonathan},
	year={2019},
	howpublished={\url{https://lwn.net/Articles/779997/}},
	note={Last accessed August 25\textsuperscript{th}, 2019}
}
@article{cosentino2017systematic,
	title={A systematic mapping study of software development with {GitHub}},
	author={Cosentino, Valerio and Izquierdo, Javier L C{\'a}novas and Cabot, Jordi},
	journal={IEEE Access},
	volume={5},
	pages={7173--7192},
	year={2017},
	publisher={IEEE}
}
@inproceedings{constantinou2018breaking,
	title={Breaking the borders: an investigation of cross-ecosystem software packages},
	author={Constantinou, Eleni and Decan, Alexandre and Mens, Tom},
	booktitle={17\textsuperscript{th} Belgium-Netherlands Software Evolution Workshop (BENEVOL)},
	year={2018},
	month={December},
	address={Delft, Netherlands}
}
@misc{cpan_faq,
	title={{CPAN} Frequently Asked Questions},
	author={Hietaniemi, Jarkko and Ashton, Elaine and Bj{\o}rn Hansen, Ask and Lapworth, Leo},
	year={1998--2011},
	howpublished={\url{https://www.cpan.org/misc/cpan-faq.html}},
	note={Last accessed on September 3\textsuperscript{rd}, 2019}
}
@misc{cran_policy,
	title={{CRAN} Repository Policy},
	author={{CRAN repository maintainers}},
	version={Revision 4050},
	howpublished={\url{https://cran.r-project.org/web/packages/policies.html}},
	note={Last accessed August 30\textsuperscript{th}, 2019}
}
@misc{ctan_orphaned,
	title={How can {I} take authorship of a package?},
	author={{CTAN team}},
	howpublished={\url{https://ctan.org/help/become-author}},
	note={Last accessed September 4\textsuperscript{th}, 2019}
}
@article{crowston2003social,
	title={The social structure of open source software development teams},
	author={Crowston, Kevin and Howison, James},
	year={2003}
}
@misc{cvs,
	author = {{CVS team}},
	title = {Concurrent Versions System},
	year = {1990--2005},
	howpublished = {\url{https://www.gnu.org/software/trans-coord/manual/cvs/cvs.html}},
	note = {Last accessed September 20\textsuperscript{th}, 2019}
}
@misc{czaplicki2015mainstream,
	title={Let's be mainstream! {U}ser-focused design in {Elm}},
	author={Czaplicki, Evan},
	year={2015},
	howpublished={\url{https://www.youtube.com/watch?v=oYk8CKH7OhE}},
	note={ECOOP 2015 Curry On talk. Video last accessed September 24\textsuperscript{th}, 2019}
}
@misc{czaplicki2018native,
	title={``{N}ative Code'' in 0.19},
	author={Czaplicki, Evan},
	year={2018},
	howpublished={\url{https://discourse.elm-lang.org/t/native-code-in-0-19/826}},
	note={Last accessed September 6\textsuperscript{th}, 2019}
}
@article{da2018impact,
	title={The impact of rapid release cycles on the integration delay of fixed issues},
	author={da Costa, Daniel Alencar and McIntosh, Shane and Treude, Christoph and Kulesza, Uir{\'a} and Hassan, Ahmed E},
	journal={Empirical Software Engineering},
	pages={1--70},
        volume={23},
        number={2},
	year={2018},
	publisher={Springer}
}
@inproceedings{dabbish2012social,
	title={Social coding in {GitHub}: transparency and collaboration in an open software repository},
	author={Dabbish, Laura and Stuart, Colleen and Tsay, Jason and Herbsleb, Jim},
	booktitle={Proceedings of the 15\textsuperscript{th} Conference on Computer Supported Cooperative Work},
	pages={1277--1286},
	year={2012},
	organization={ACM}
}
@inproceedings{davidson2011coping,
	title={Coping with duplicate bug reports in free/open source software projects},
	author={Davidson, Jennifer L and Mohan, Nitin and Jensen, Carlos},
	booktitle={Proceedings of the 2011 Symposium on Visual Languages and Human-Centric Computing},
	pages={101--108},
	year={2011},
	organization={IEEE}
}
@inproceedings{de2009software,
	title={Why are software projects moving from centralized to decentralized version control systems?},
	author={De Alwis, Brian and Sillito, Jonathan},
	booktitle={Proceedings of the 2009 ICSE Workshop on Cooperative and Human Aspects on Software Engineering},
	pages={36--39},
	year={2009},
	organization={IEEE}
}
@inproceedings{decan2016topology,
	title={On the topology of package dependency networks: A comparison of three programming language ecosystems},
	author={Decan, Alexandre and Mens, Tom and Claes, Maelick},
	booktitle={Proccedings of the 10\textsuperscript{th} European Conference on Software Architecture Workshops},
	pages={21},
	year={2016},
	organization={ACM}
}
@inproceedings{decan2018impact,
	title={On the impact of security vulnerabilities in the npm package dependency network},
	author={Decan, Alexandre and Mens, Tom and Constantinou, Eleni},
	booktitle={Proceedings of the 15\textsuperscript{th} International Conference on Mining Software Repositories},
	pages={181--191},
	year={2018},
	organization={IEEE/ACM}
}
@inproceedings{decan2018evolution,
	title={On the evolution of technical lag in the npm package dependency network},
	author={Decan, Alexandre and Mens, Tom and Constantinou, Eleni},
	booktitle={Proceedings of the 34\textsuperscript{th} International Conference on Software Maintenance and Evolution},
	pages={404--414},
	year={2018},
	organization={IEEE}
}
@article{decan2019empirical,
	title={An empirical comparison of dependency network evolution in seven software packaging ecosystems},
	author={Decan, Alexandre and Mens, Tom and Grosjean, Philippe},
	journal={Empirical Software Engineering},
	volume={24},
	number={1},
	pages={381--416},
	year={2019},
	publisher={Springer}
}
@article{decan2019package,
	title={What do package dependencies tell us about semantic versioning?},
	author={Decan, Alexandre and Mens, Tom},
	journal={IEEE Transactions on Software Engineering},
	year={2019},
	publisher={IEEE}
}
@misc{debian_policy_manual,
	title={Debian Policy Manual},
	author={Jackson, Ian and Morris, David A. and Shwarz, Christian and Lameter, Christoph and Gilbey, Julian and others},
	version={4.4.0.1},
	year={1996--2019},
	howpublished={\url{https://www.debian.org/doc/debian-policy/index.html}},
	note={Last accessed August 31\textsuperscript{th}, 2019}
}
@inproceedings{dias2016does,
	title={How does the shift to {GitHub} impact project collaboration?},
	author={Dias, Luiz Felipe and Steinmacher, Igor and Pinto, Gustavo and da Costa, Daniel Alencar and Gerosa, Marco},
	booktitle={Proceedings of the 32\textsuperscript{nd} International Conference on Software Maintenance and Evolution},
	pages={473--477},
	year={2016},
	organization={IEEE}
}
@inproceedings{dietrich2019dependency,
	title={Dependency versioning in the wild},
	author={Dietrich, Jens and Pearce, David J and Stringer, Jacob and Tahir, Amjed and Blincoe, Kelly},
	booktitle={Proceedings of the 16\textsuperscript{th} International Conference on Mining Software Repositories},
	pages={349--359},
	year={2019},
	organization={IEEE}
}
@misc{dimino2016dune,
	author = {Dimino, J\'er\'emie and Grinberg, Rudi and others},
	title = {Dune: A composable build system for {OCaml}},
	year = {2016--2019},
	howpublished = {\url{https://dune.build}},
	version = {1.11.3},
	note = {Last accessed September 7\textsuperscript{th}, 2019}
}
@misc{discourse,
	title={Discourse},
	author={Atwood, Jeff and Ward, Robin and Saffron, Sam},
	year={2013--2019},
	howpublished={\url{https://www.discourse.org/}},
	note={Last accessed September 9\textsuperscript{th}, 2019}
}
@misc{discourse2018free,
	title={Free Hosting for Open Source v2},
	author={Sogge Heggen, Erlend},
	year={2018},
	howpublished={\url{https://blog.discourse.org/2018/11/free-hosting-for-open-source-v2/}},
	note={Last accessed September 9\textsuperscript{th}, 2019}
}
@inproceedings{dolstra2004nix,
	title={Nix: A Safe and Policy-Free System for Software Deployment},
	author={Dolstra, Eelco and De Jonge, Merijn and Visser, Eelco and others},
	booktitle={Large Installation Systems Administration conference},
	volume={4},
	pages={79--92},
	year={2004}
}
@misc{dpkg,
	title={Dpkg},
	author={Murdock, Ian and others},
	year={1994--2019},
	howpublished={\url{https://git.dpkg.org/git/dpkg/dpkg.git}},
	note={Last accessed September 17\textsuperscript{th}, 2019}
}
@misc{duran2014cocoapods,
	title={{CocoaPods} Trunk},
	author={Dur\'an, Eloy},
	year={2014},
	howpublished={\url{http://blog.cocoapods.org/CocoaPods-Trunk/}},
	note={Last accessed August 30\textsuperscript{th}, 2019}
}
@misc{edge2018machine,
	title={Machine learning and stable kernels},
	author={Edge, Jake},
	year={2018},
	howpublished={\url{https://lwn.net/Articles/764647/}},
	note={Last accessed September 16\textsuperscript{th}, 2019}
}
@inproceedings{elazhary2019not,
	title={Do as {I} Do, Not as {I} Say: Do Contribution Guidelines Match the {GitHub} Contribution Process?},
	author={Elazhary, Omar and Storey, Margaret-Anne and Ernst, Neil and Zaidman, Andy},
	booktitle={35\textsuperscript{th} International Conference on Software Maintenance and Evolution},
	year={2019},
	organization={IEEE}
}
@inproceedings{erenkrantz2003release,
	title={Release management within open source projects},
	author={Erenkrantz, Justin R},
	booktitle={Proceedings of the 3\textsuperscript{rd} Workshop on Open Source Software Engineering},
	year={2003}
}
@misc{esy,
	title={esy:	Easy package management for native {Reason}, {OCaml} and more},
	author={Popp, Andrey and others},
	year={2018--2019},
	howpublished={\url{http://esy.sh/}},
	note={Last accessed October 7\textsuperscript{th}, 2019}
}
@article{ferreira2019algorithms,
	title={Algorithms for estimating truck factors: a comparative study},
	author={Ferreira, M{\'\i}vian and Mombach, Tha{\'\i}s and Valente, Marco Tulio and Ferreira, Kecia},
	journal={Software Quality Journal},
	pages={1--35},
	year={2019},
	publisher={Springer}
}
@phdthesis{fielding2000,
author = {Roy Thomas Fielding},
title = {Architectural Styles and the Design of Network-based Software Architectures},
school = {University of California at Irvine},
year = {2000},
chapter = {Representational State Transfer (REST)}
}
@book{fogel2005producing,
	title={Producing open source software: How to run a successful free software project},
	author={Fogel, Karl},
	year={2005},
	publisher={O'Reilly Media, Inc.}
}
@inproceedings{francalanci2008empirical,
	title={Empirical analysis of the bug fixing process in open source projects},
	author={Francalanci, Chiara and Merlo, Francesco},
	booktitle={Proceedings of the 4\textsuperscript{th} International Conference on Open Source Systems},
	pages={187--196},
	year={2008},
	organization={IFIP}
}
@inproceedings{franklin1996agent,
	title={Is it an Agent, or just a Program? {A} Taxonomy for Autonomous Agents},
	author={Franklin, Stan and Graesser, Art},
	booktitle={International Workshop on Agent Theories, Architectures, and Languages},
	pages={21--35},
	year={1996},
	organization={Springer}
}
@misc{galic2017voxpupuli,
	title={Building {Puppet}'s unofficial forge community},
	author={Gali\'c, Igor},
	year={2017},
	howpublished={\url{https://opensource.com/article/17/6/vox-pupuli}},
	note={Last accessed September 6\textsuperscript{th}, 2019}
}
@article{gamalielsson2014sustainability,
	title={Sustainability of Open Source software communities beyond a fork: How and why has the {LibreOffice} project evolved?},
	author={Gamalielsson, Jonas and Lundell, Bj{\"o}rn},
	journal={Journal of Systems and Software},
	volume={89},
	pages={128--145},
	year={2014},
	publisher={Elsevier}
}
@inproceedings{gamblin2015spack,
title={The {Spack} package manager: bringing order to {HPC} software chaos},
author={Gamblin, Todd and LeGendre, Matthew and Collette, Michael R and Lee, Gregory L and Moody, Adam and de Supinski, Bronis R and Futral, Scott},
booktitle={International Conference for High Performance Computing, Networking, Storage and Analysis},
year={2015},
organization={ACM}
}
@book{gawande2010checklist,
	title={Checklist manifesto},
	author={Gawande, Atul},
	year={2010},
	publisher={Penguin Books India}
}
@misc{gcc_dev_plan,
	title={{GCC} Development Plan},
	author={{GCC development team}},
	howpublished={\url{https://www.gnu.org/software/gcc/develop.html}},
	note={Last accessed August 24\textsuperscript{th}, 2019}
}
@article{gelman2018high,
	title={Why high-order polynomials should not be used in regression discontinuity designs},
	author={Gelman, Andrew and Imbens, Guido},
	journal={Journal of Business \& Economic Statistics},
        volume={37},
        number={3},
	pages={1--10},
	year={2018},
	publisher={Taylor \& Francis}
}
@misc{github,
	title={{GitHub}: social code hosting},
	author={Wanstrath, Chris and Hyett, P. J. and Preston-Werner, Tom and Chacon, Scott},
	year={2008--2019},
	howpublished={\url{https://github.com}},
	note={Last accessed September 27\textsuperscript{th}, 2019}
}
@misc{github_actions,
title={{GitHub Actions}: built by you, run by us},
author={Daigle, Kyle},
year={2018},
howpublished={\url{https://github.blog/2018-10-17-action-demos/}},
note={Last accessed August 15\textsuperscript{th}, 2019}
}
@misc{github_apps,
	title={Apps},
	author={{GitHub}},
	howpublished={\url{https://developer.github.com/apps/}},
	year={Last accessed August 16\textsuperscript{th}, 2019}
}
@misc{github_assign,
	title={Assigning issues and pull requests to other {GitHub} users},
	author={{GitHub}},
	howpublished={https://help.github.com/en/articles/assigning-issues-and-pull-requests-to-other-github-users},
	note={Last accessed September 3\textsuperscript{rd}, 2019}
}
@misc{github_checklists,
title={Task Lists in {GFM}: Issues/Pulls, Comments},
author={Todd, Matt},
year={2013},
howpublished={\url{https://github.blog/2013-01-09-task-lists-in-gfm-issues-pulls-comments/}},
note={Last accessed August 18\textsuperscript{th}, 2019}
}
@misc{github_checks_announcement,
	title={New Checks {API} public beta},
	author={McMinn, Keavy},
	year={2018},
	howpublished={\url{https://developer.github.com/changes/2018-05-07-new-checks-api-public-beta/}},
	note={Last accessed August 16\textsuperscript{th}, 2019}
}
@misc{github_code_owners,
	title={Introducing code owners},
	author={Pace, Jared},
	year={2017},
	howpublished={\url{https://github.blog/2017-07-06-introducing-code-owners/}},
	note={Last accessed August 23\textsuperscript{rd}, 2019}
}
@misc{github_force_push,
	title={Force push timeline event},
	author={{GitHub}},
	year={2018},
	howpublished={\url{https://github.blog/changelog/2018-11-15-force-push-timeline-event/}},
	note={Last accessed August 22\textsuperscript{th}, 2019}
}
@misc{github_graphql_API,
	title={{GitHub GraphQL API v4, GitHub} Developer Guide},
	author={{GitHub}},
	howpublished={\url{https://developer.github.com/v4/}},
	year={Last accessed June 26\textsuperscript{th}, 2019}
}
@misc{github_graphql_API_announcement,
	title={The {GitHub GraphQL API}},
	author={Torikian, Garen and Black, Brandon and Swinnerton, Brooks and Somerville, Charlie and Celis, David and Daigle, Kyle},
	year={2016},
	howpublished={\url{https://github.blog/2016-09-14-the-github-graphql-api/}},
	note={Last accessed August 13\textsuperscript{th}, 2019}
}
@misc{github_issue_import_API,
	title={{GitHub API} for importing issues},
	author={Hoyt, Jonathan and \v{Z}u\v{z}ak, Ivan},
	year={2015--2016},
	howpublished={\url{https://gist.github.com/jonmagic/5282384165e0f86ef105}},
	note={Last accessed September 12\textsuperscript{th}, 2019}
}
@misc{github_issue_template,
	title={Issue and Pull Request templates},
	author={Bleikamp, Ben},
	year={2016},
	howpublished={\url{https://github.blog/2016-02-17-issue-and-pull-request-templates/}},
	note={Last accessed August 18\textsuperscript{th}, 2019}
}
@misc{github_label_descriptions,
	title={Label improvements: emoji, descriptions, and more},
	author={Vessels, Sarah},
	year={2018},
	howpublished={https://github.blog/2018-02-22-label-improvements-emoji-descriptions-and-more/},
	note={Last accessed August 19\textsuperscript{th}, 2019}
}
@misc{github_project_automation,
	title={Keep your project boards up to date, automatically},
	author={Nehmer, Rachel},
	year={2017},
	howpublished={https://github.blog/2017-10-30-keep-your-project-boards-up-to-date-automatically/},
	note={Last accessed August 25\textsuperscript{th}, 2019}
}
@misc{github_projects_announcement,
	title={A whole new {GitHub} Universe: announcing new tools, forums, and features},
	author={Wanstrath, Chris},
	year={2016},
	howpublished={https://github.blog/2016-09-14-a-whole-new-github-universe-announcing-new-tools-forums-and-features/},
	note={Last accessed August 25\textsuperscript{th}, 2019}
}
@misc{github_protected_branches,
	title={Protected branches and required status checks},
	author={Bleikamp, Ben},
	year={2015},
	howpublished={\url{https://github.blog/2015-09-03-protected-branches-and-required-status-checks/}},
	note={Last accessed August 23\textsuperscript{rd}, 2019}
}
@misc{github_protected_branch_restrict_pusher,
	title={Protected Branches Improvements},
	author={Maurer, Thomas},
	year={2016},
	howpublished={\url{https://github.blog/2016-03-30-protected-branches-improvements/}},
	note={Last accessed August 23\textsuperscript{rd}, 2019}
}
@misc{github_protected_branch_regex,
	title={Updates to protected branches},
	author={Venetucci Harvey, Michelle},
	year={2018},
	howpublished={\url{https://github.blog/2018-08-15-protected-branch-updates/}},
	note={Last accessed August 23\textsuperscript{rd}, 2019}
}
@misc{github_reactions,
	title={Add Reactions to Pull Requests, Issues, and Comments},
	author={Boxer, Jake},
	year={2016},
	howpublished={\url{https://github.blog/2016-03-10-add-reactions-to-pull-requests-issues-and-comments/}},
	note={Last accessed October 8\textsuperscript{th}, 2019}
}
@misc{github_registry,
	title={Introducing {GitHub} Package Registry},
	author={Pasat, Simina},
	year={2019},
	howpublished={\url{https://github.blog/2019-05-10-introducing-github-package-registry/}},
	note={Last accessed August 27\textsuperscript{th}, 2019}
}
@misc{github_registry_update,
	title={Updates to {GitHub} Package Registry},
	author={Pasat, Simina},
	year={2019},
	howpublished={\url{https://github.blog/2019-06-19-updates-to-github-package-registry/}},
	note={Last accessed August 30\textsuperscript{th}, 2019}
}
@misc{github_related_issues,
	title={Related issues (public beta)},
	author={{GitHub}},
	year={2018},
	howpublished={\url{https://github.blog/changelog/2018-11-05-related-issues/}},
	note={Last accessed September 13\textsuperscript{th}, 2019}
}
@misc{github_releases,
	title={Release Your Software},
	author={Olson, Risk},
	year={2013},
	howpublished={\url{https://github.blog/2013-07-02-release-your-software/}},
	note={Last accessed August 26\textsuperscript{th}, 2019}
}
@misc{github_REST_API,
	title={{GitHub REST API v3, GitHub} Developer Guide},
	author={{GitHub}},
	howpublished={\url{https://developer.github.com/v3/}},
	note={Last accessed August 15\textsuperscript{th}, 2019}
}
@misc{github_search_forks,
	title={Searching in forks},
	author={{GitHub}},
	howpublished={\url{https://help.github.com/en/articles/searching-in-forks}},
	note={Last accessed September 3\textsuperscript{rd}, 2019}
}
@misc{github_team_reviews,
	title={Requesting reviews from repository teams},
	author={Plasterer, Naomi},
	year={2017},
	howpublished={\url{https://github.blog/2017-06-28-requesting-reviews-from-repository-teams/}},
	note={Last accessed August 23\textsuperscript{rd}, 2019}
}
@misc{gitlab,
	title={{GitLab}},
	author={{GitLab B.V.}},
	year={2011--2019},
	howpublished={\url{https://about.gitlab.com/}},
	note={Last accessed September 9\textsuperscript{th}, 2019}
}
@misc{gitlab_ci_for_github,
	title={{GitLab} 10.6 released with {CI/CD} for {GitHub} and deeper {Kubernetes} integration},
	author={Wu, Victor},
	year={2018},
	howpublished={\url{https://about.gitlab.com/2018/03/22/gitlab-10-6-released/}},
	note={Last accessed August 23\textsuperscript{rd}, 2019}
}
@misc{gitlab_dag,
	title={{GitLab} 12.2 released with Directed Acyclic Graphs for Pipelines and Design Management},
	author={Lambert, Joshua},
	year={2019},
	howpublished={\url{https://about.gitlab.com/2019/08/22/gitlab-12-2-released/}},
	note={Last accessed August 23\textsuperscript{rd}, 2019}
}
@misc{gitlab_graphql_API,
	title={{GraphQL API}},
	author={{GitLab B.V.}},
	howpublished={\url{https://docs.gitlab.com/ee/api/graphql/reference/index.html}},
	year={Last accessed August 15\textsuperscript{th}, 2019}
}
@misc{gitter,
	title={Gitter},
	author={{Troupe Technology Ltd.}},
	howpublished={\url{https://gitlab.com/gitlab-org/gitter/webapp}},
	year={2014--2017},
	note={Last accessed September 9\textsuperscript{th}, 2019}
}
@misc{gloster2018rfc,
	title={{RFC} 36: {RFC} process team amendment},
	author={Gloster, Robin},
	year={2018},
	howpublished={\url{https://github.com/NixOS/rfcs/blob/master/rfcs/0036-rfc-process-team-amendment.md}},
	note={Last accessed October 11\textsuperscript{th}, 2019}
}
@misc{gnu_changelog,
	title = {Change Logs},
	author = {{Free Software Foundation}},
	year = {1992--2019},
	howpublished = {\url{https://www.gnu.org/prep/standards/html_node/Change-Logs.html}},
	note = {In {GNU} Coding Standards. Last accessed August 26\textsuperscript{th}, 2019},
}
@inproceedings{gousios2012ghtorrent,
	title={{GHTorrent}: {GitHub}'s data from a firehose},
	author={Gousios, Georgios and Spinellis, Diomidis},
	booktitle={Proceedings of the 9\textsuperscript{th} Working Conference on Mining Software Repositories},
	pages={12--21},
	year={2012},
	organization={IEEE}
}
@inproceedings{gousios2015work,
	title={Work practices and challenges in pull-based development: the integrator's perspective},
	author={Gousios, Georgios and Zaidman, Andy and Storey, Margaret-Anne and Van Deursen, Arie},
	booktitle={Proceedings of the 37\textsuperscript{th} International Conference on Software Engineering},
	pages={358--368},
        volume={1},
	year={2015},
	organization={IEEE}
}
@inproceedings{gousios2016work,
	title={Work practices and challenges in pull-based development: the contributor's perspective},
	author={Gousios, Georgios and Storey, Margaret-Anne and Bacchelli, Alberto},
	booktitle={Proceedings of the 38\textsuperscript{th} International Conference on Software Engineering},
	pages={285--296},
	year={2016},
	organization={IEEE/ACM}
}
@misc{graphqlppx,
	author = {Magnus Hallin},
	title = {graphql\_ppx: Graph{QL} ppx rewriter for {B}ucklescript/{R}eason{ML}},
	year = {2018},
	howpublished = {\url{https://github.com/mhallin/graphql\_ppx}},
	version = {0.0.4},
	note = {Last accessed September 8\textsuperscript{th}, 2019}
}
@misc{graphql_ppx_re,
        author = {Hallin, Magnus and Cichocinski, Tomasz and others},
        title = {graphql\_ppx\_re: {GraphQL} PPX rewriter for {Bucklescript/ReasonML written in ReasonML}},
        year={2018--2019},
        howpublished={\url{https://github.com/baransu/graphql\_ppx\_re}},
        note = {Last accessed December 1\textsuperscript{st}, 2019}
}
@misc{graphql_spec,
	title = {{GraphQL}},
	year = {2015--2018},
	version = {{J}une 2018 Edition},
	author = {{Facebook, Inc.}},
	howpublished={\url{https://graphql.github.io/graphql-spec/June2018/}},
	note={Last accessed September 9\textsuperscript{th}, 2019}
}
@article{greenwade1993comprehensive,
title={{The Comprehensive TeX Archive Network}},
author={Greenwade, George D.},
journal={TUGboat --- Proceedings of the 1993 Annual Meeting of the TeX Users Group},
volume={14},
issue={3},
year={1993}
}
@misc{gross2018script,
	title={Python script for dealing with deprecated notations in {Coq}},
	author={Gross, Jason and L\'echenet, Jean-Christophe},
	year={2018},
	howpublished={\url{https://gist.github.com/JasonGross/9770653967de3679d131c59d42de6d17}},
	note={Last accessed September 10\textsuperscript{th}, 2019}
}
@misc{gross_bug_min,
	title={Coq bug minimizer},
	author={Gross, Jason},
	year={2013--2018},
	howpublished={\url{https://github.com/JasonGross/coq-tools/blob/5f43e25/find-bug.py}},
	note={Last accessed September 11\textsuperscript{th}, 2019}
}
@misc{hackage,
	author = {{Hackage team}},
	title = {Hackage},
	year = {2005},
	howpublished = {\url{https://hackage.haskell.org/}},
	note = {Last accessed September 20\textsuperscript{th}, 2019}
}
@misc{haskellplatform,
	author = {{Haskell Platform Infrastructure Team}},
	title = {Haskell Platform},
	year = {2014--2019},
	howpublished = {\url{http://www.haskell.org/platform/}},
	note = {Last accessed September 20\textsuperscript{th}, 2019}
}
@misc{haskell_versioning_policy,
	title={Haskell Package Versioning Policy},
	author={{Cabal team}},
	howpublished={\url{https://pvp.haskell.org/}},
	note={Last accessed September 1\textsuperscript{st}, 2019}
}
@article{hausman2018regression,
	title={Regression discontinuity in time: Considerations for empirical applications},
	author={Hausman, Catherine and Rapson, David S},
	journal={Annual Review of Resource Economics},
	volume={10},
	pages={533--552},
	year={2018},
	publisher={Annual Reviews}
}
@misc{heroku,
	title={Heroku: Cloud Application Platform},
	author={Lindenbaum, James and Wiggins, Adam and Henry, Orion},
	year={2007--2019},
	howpublished={\url{https://heroku.com/}},
	note = {Last accessed October 6\textsuperscript{th}, 2019}
}
@article{hightower2016s,
	title={What’s New in {Go} 1.6 --- Vendoring},
	author={Hightower, Kelsey},
	journal={; login:},
	volume={41},
	number={2},
	year={2016}
}
@inproceedings{hilton2016usage,
	title={Usage, costs, and benefits of continuous integration in open-source projects},
	author={Hilton, Michael and Tunnell, Timothy and Huang, Kai and Marinov, Darko and Dig, Danny},
	booktitle={Proceedings of the 31\textsuperscript{st} International Conference on Automated Software Engineering},
	pages={426--437},
	year={2016},
	organization={IEEE/ACM}
}
@inproceedings{hoang2019patchnet,
	title={{PatchNet}: a tool for deep patch classification},
	author={Hoang, Thong and Lawall, Julia and Oentaryo, Richard J and Tian, Yuan and Lo, David},
	booktitle={Proceedings of the 41\textsuperscript{st} International Conference on Software Engineering: Companion Proceedings},
	pages={83--86},
	year={2019},
	organization={IEEE}
}
@misc{hollinger2017voxpupuli,
	title={{Vox Pupuli} --- The Importance of Working Together},
	author={Hollinger, Dave},
	year={2017},
	howpublished={\url{https://www.youtube.com/watch?v=28izTNK\_-00}},
	note={Talk at DevOpsDays KC, video last accessed September 6\textsuperscript{th}, 2019}
}
@misc{homebrew,
	title={Homebrew},
	author={Howell, Max and others},
	year={2009--2019},
	howpublished={\url{http://brew.sh/}},
	note = {Last accessed September 17\textsuperscript{th}, 2019}
}
@article{hora2018developers,
	title={How do developers react to {API} evolution? {A} large-scale empirical study},
	author={Hora, Andr{\'e} and Robbes, Romain and Valente, Marco Tulio and Anquetil, Nicolas and Etien, Anne and Ducasse, St{\'e}phane},
	journal={Software Quality Journal},
	volume={26},
	number={1},
	pages={161--191},
	year={2018},
	publisher={Springer}
}
@article{hornik2012comprehensive,
title={{The Comprehensive R Archive Network}},
author={Hornik, Kurt},
journal={Wiley Interdisciplinary Reviews: Computational Statistics},
volume={4},
number={4},
pages={394--398},
year={2012},
publisher={Wiley Online Library}
}
@techreport{hua2014case,
	title={A case study of cross-branch porting in {Linux} Kernel},
	author={Hua, Jinru},
	year={2014},
	institution={University of Texas at Austin},
	type={{Master thesis}}
}
@inproceedings{huang2015supporting,
	title={Supporting mental model accuracy in trigger-action programming},
	author={Huang, Justin and Cakmak, Maya},
	booktitle={Proceedings of the 2015 International Joint Conference on Pervasive and Ubiquitous Computing},
	pages={215--225},
	year={2015},
	organization={ACM}
}
@misc{hykes_docker,
	title={Docker},
	author={Hykes, Solomon and others},
	year={2013--2019},
	howpublished={\url{https://www.docker.com/}},
	note = {Last accessed September 18\textsuperscript{th}, 2019}
}
@book{jacob2012practical,
	title={A Practical Guide to Regression Discontinuity},
	author={Jacob, Robin and Zhu, Pei and Somers, Marie-Andr{\'e}e and Bloom, Howard},
	publisher={MDRC},
	year={2012}
}
@misc{JaneStreetBase,
	author = {{Jane Street group}},
	title = {{J}ane{S}treet's {B}ase {L}ibrary: {S}tandard library for {OC}aml},
	year = {2019},
	howpublished = {\url{https://opensource.janestreet.com/base/}},
	version = {0.12.0},
	note = {Last accessed September 8\textsuperscript{th}, 2019}
}
@article{jansen2014measuring,
	title={Measuring the health of open source software ecosystems: Beyond the scope of project health},
	author={Jansen, Slinger},
	journal={Information and Software Technology},
	volume={56},
	number={11},
	pages={1508--1519},
	year={2014},
	publisher={Elsevier}
}
@inproceedings{jaspan2018advantages,
	title={Advantages and disadvantages of a monolithic repository: a case study at {Google}},
	author={Jaspan, Ciera and Jorde, Matthew and Knight, Andrea and Sadowski, Caitlin and Smith, Edward K and Winter, Collin and Murphy-Hill, Emerson},
	booktitle={Proceedings of the 40\textsuperscript{th} International Conference on Software Engineering: Software Engineering in Practice},
	pages={225--234},
	year={2018},
	organization={ACM}
}
@misc{jenkins,
	title={Jenkins},
	author={Kawaguchi, Kohsuke and others},
	year={2011--2019},
	howpublished={\url{https://jenkins.io/}},
	note={Last accessed September 9\textsuperscript{th}, 2019}
}
@inproceedings{jensen2007role,
	title={{Role migration and advancement processes in OSSD projects: A comparative case study}},
	author={Jensen, Chris and Scacchi, Walt},
	booktitle={Proceedings of the 29\textsuperscript{th} International Conference on Software Engineering},
	pages={364--374},
	year={2007},
	organization={IEEE/ACM}
}
@article{jorgensen2001putting,
	title={Putting it all in the trunk: Incremental software development in the {FreeBSD} open source project},
	author={J{\o}rgensen, Niels},
	journal={Information Systems Journal},
	volume={11},
	number={4},
	pages={321--336},
	year={2001},
	publisher={Wiley Online Library}
}
@techreport{json2017rfc,
	title={The {JavaScript} Object Notation ({JSON}) Data Interchange Format},
	author={Crockford, Douglas},
	editor={Bray, T},
	year={2017},
	institution={Internet Engineering Task Force},
	type={{Request for Comments}}
}
@inproceedings{jupyter2018binder,
	title={Binder 2.0 --- Reproducible, interactive, sharable environments for science at scale},
	author={Jupyter, P and Bussonnier, M and Forde, J and Freeman, J and Granger, B and Head, T and Holdgraf, C and Kelley, K and Nalvarte, G and Osheroff, A and others},
	booktitle={Proceedings of the 17\textsuperscript{th} Python in Science Conference},
	pages={113--120},
	year={2018},
	doi={10.25080/Majora-4af1f417-011}
}
@inproceedings{just2008towards,
	title={Towards the next generation of bug tracking systems},
	author={Just, Sascha and Premraj, Rahul and {Thomas Zimmermann}},
	booktitle={Proceedings of the 2008 Symposium on Visual Languages and Human-Centric Computing},
	pages={82--85},
	year={2008},
	organization={IEEE}
}
@article{kaiser2018mtac2,
	title={Mtac2: typed tactics for backward reasoning in {Coq}},
	author={Kaiser, Jan-Oliver and Ziliani, Beta and Krebbers, Robbert and R{\'e}gis-Gianas, Yann and Dreyer, Derek},
	journal={Proceedings of the ACM on Programming Languages},
	volume={2},
	number={ICFP},
	pages={78},
	year={2018},
	publisher={ACM}
}
@article{kalliamvakou2016depth,
	title={An in-depth study of the promises and perils of mining {GitHub}},
	author={Kalliamvakou, Eirini and Gousios, Georgios and Blincoe, Kelly and Singer, Leif and German, Daniel M and Damian, Daniela},
	journal={Empirical Software Engineering},
	volume={21},
	number={5},
	pages={2035--2071},
	year={2016},
	publisher={Springer}
}
@inproceedings{kallis2019ticket,
	title={Ticket Tagger: Machine Learning Driven Issue Classification},
	author={Kallis, Rafael and Di Sorbo, Andrea and Canfora, Gerardo and Panichella, Sebastiano},
	year={2019},
	booktitle={Proceedings of the 35\textsuperscript{th} International Conference on Software Maintenance and Evolution},
	organization={IEEE}
}
@article{Kanwal2012,
	author = {Kanwal, Jaweria and Maqbool, Onaiza},
	doi = {10.1007/s11390-012-1230-3},
	journal = {Journal of Computer Science and Technology},
	number = {2},
	pages = {397--412},
	title = {{Bug Prioritization to Facilitate Bug Report Triage}},
	volume = {27},
	year = {2012}
}
@article{karre2017does,
	title={Does your Bug Tracking tool suit your needs? {A} Study on Open Source Bug Tracking tools},
	author={Karre, Sai Anirudh and Shukla, Anveshi and Reddy, Y Raghu},
	journal={arXiv preprint arXiv:1706.06799},
	year={2017}
}
@misc{katilius2019quality,
	title={Improving Code Quality using Pull Requests},
	author={Katilius, Arminas},
	year={2019},
	howpublished={\url{https://katilius.dev/improving-code-quality-using-pull-request/}},
	note={Last accessed September 9\textsuperscript{th}, 2019}
}
@misc{keep_a_changelog,
	title={Keep a Changelog},
	author={Lacan, Olivier},
	year={2017},
	version={1.0.0},
	howpublished={\url{https://keepachangelog.com/en/1.0.0/}},
	note={Last accessed August 26\textsuperscript{th}, 2019}
}
@inproceedings{kerzazi2013kanbanize,
	title={Kanbanize the release engineering process},
	author={Kerzazi, Noureddine and Robillard, Pierre N},
	booktitle={1\textsuperscript{st} International Workshop on Release Engineering (RELENG)},
	pages={9--12},
	year={2013},
	organization={IEEE}
}
@inproceedings{khomh2012faster,
	title={Do faster releases improve software quality? {An} empirical case study of {Mozilla Firefox}},
	author={Khomh, Foutse and Dhaliwal, Tejinder and Zou, Ying and Adams, Bram},
	booktitle={Proceedings of the 9\textsuperscript{th} Working Conference on Mining Software Repositories},
	pages={179--188},
	year={2012},
	organization={IEEE}
}
@inproceedings{khondhu2013all,
	title={Is it all lost? {A} study of inactive open source projects},
	author={Khondhu, Jymit and Capiluppi, Andrea and Stol, Klaas-Jan},
	booktitle={International Conference on Open Source Systems},
	pages={61--79},
	year={2013},
	organization={IFIP}
}
@inproceedings{Kikas2015,
	author = {Kikas, Riivo and Dumas, Marlon and Pfahl, Dietmar},
	doi = {10.1007/978-3-319-26844-6_22},
	isbn = {9783319268439},
	issn = {16113349},
	booktitle = {Proceedings of the 16\textsuperscript{th} International Conference on Product-Focused Software Process Improvement},
	pages = {295--310},
	title = {{Issue dynamics in GitHub projects}},
	year = {2015}
}
@inproceedings{kikas2017structure,
	title={Structure and evolution of package dependency networks},
	author={Kikas, Riivo and Gousios, Georgios and Dumas, Marlon and Pfahl, Dietmar},
	booktitle={Proceedings of the 14\textsuperscript{th} International Conference on Mining Software Repositories},
	pages={102--112},
	year={2017},
	organization={IEEE}
}
@inproceedings{kitchenham2004evidence,
	title={Evidence-based software engineering},
	author={Kitchenham, Barbara A and Dyba, Tore and Jorgensen, Magne},
	booktitle={Proceedings of the 26\textsuperscript{th} International Conference on Software Engineering},
	pages={273--281},
	year={2004},
	organization={IEEE}
}
@book{klabnik2018rust,
	title={The Rust Programming Language},
	author={Klabnik, Steve and Nichols, Carol},
	year={2018},
	publisher={No Starch Press}
}
@conference{Kluyver:2016aa,
	Author = {Thomas Kluyver and Benjamin Ragan-Kelley and Fernando P{\'e}rez and Brian Granger and Matthias Bussonnier and Jonathan Frederic and Kyle Kelley and Jessica Hamrick and Jason Grout and Sylvain Corlay and Paul Ivanov and Dami{\'a}n Avila and Safia Abdalla and Carol Willing},
	Booktitle = {Positioning and Power in Academic Publishing: Players, Agents and Agendas},
	Editor = {F. Loizides and B. Schmidt},
	Organization = {IOS Press},
	Pages = {87 - 90},
	Title = {Jupyter Notebooks: a publishing format for reproducible computational workflows},
	Year = {2016}
}
@misc{korolev_changelog,
	title={{GitHub} changelog generator},
	author={Korolev, Petr},
	year = {2016--2019},
	howpublished={\url{https://github.com/github-changelog-generator/github-changelog-generator}},
	note={Last accessed August 26\textsuperscript{th}, 2019}
}
@misc{kozar_cachix,
	title={Cachix: Build {Nix} packages once and share them for good},
	author={Ko\v{z}ar Domen},
	year={2018--2019},
	howpublished={\url{https://cachix.org/}},
	note={Last accessed September 18\textsuperscript{th}, 2019}	
}
@misc{kroah_linux_stable_api,
	title={The {Linux} Kernel Driver Interface (``stable {API} nonsense'')},
	author={Kroah-Hartman, Greg},
	year={2004},
	howpublished={\url{https://www.kernel.org/doc/html/v4.11/process/stable-api-nonsense.html}},
	note={Last accessed August 19\textsuperscript{th}, 2019}
}
@article{lee2010regression,
	title={Regression discontinuity designs in economics},
	author={Lee, David S and Lemieux, Thomas},
	journal={Journal of economic literature},
	volume={48},
	number={2},
	pages={281--355},
	year={2010}
}
@article{lehman1980programs,
title={Programs, life cycles, and laws of software evolution},
author={Lehman, Meir M},
journal={Proceedings of the IEEE},
volume={68},
number={9},
pages={1060--1076},
year={1980},
publisher={IEEE}
}
@inproceedings{lehman1996laws,
title={Laws of software evolution revisited},
author={Lehman, Manny M},
booktitle={European Workshop on Software Process Technology},
pages={108--124},
year={1996},
organization={Springer}
}
@techreport{leroy:hal-00930213,
	TITLE = {{The OCaml system release 4.07: Documentation and user's manual}},
	AUTHOR = {Leroy, Xavier and Doligez, Damien and Frisch, Alain and Garrigue, Jacques and R{\'e}my, Didier and Vouillon, J{\'e}r{\^o}me},
	URL = {https://hal.inria.fr/hal-00930213},
	PAGES = {1-752},
	INSTITUTION = {{Inria}},
	YEAR = {2018},
	MONTH = Jul,
	PDF = {\url{https://hal.inria.fr/hal-00930213/file/ocaml-4.07-refman.pdf}},
	HAL_ID = {hal-00930213},
	HAL_VERSION = {v5},
}
@misc{letouzey_svn_to_git,
	title={Migrating the {Coq} repository from {SVN} to git},
	author={Letouzey, Pierre and others},
	year={2013},
	howpublished={\url{https://github.com/coq/coq/wiki/MigrationGit}},
	note={Last accessed August 17\textsuperscript{th}, 2019}
}
@article{lientz1981problems,
title={Problems in application software maintenance},
author={Lientz, Bennet P and Swanson, E Burton},
journal={Communications of the ACM},
volume={24},
number={11},
pages={763--769},
year={1981},
publisher={ACM}
}
@inproceedings{ma2017developers,
	title={How do developers fix cross-project correlated bugs? {A} case study on the {GitHub} scientific {Python} ecosystem},
	author={Ma, Wanwangying and Chen, Lin and Zhang, Xiangyu and Zhou, Yuming and Xu, Baowen},
	booktitle={Proceedings of the 39\textsuperscript{th} International Conference on Software Engineering},
	pages={381--392},
	year={2017},
	organization={IEEE/ACM}
}
@inproceedings{mancinelli2006managing,
title={Managing the complexity of large free and open source package-based software distributions},
author={Mancinelli, Fabio and Boender, Jaap and Di Cosmo, Roberto and Vouillon, Jerome and Durak, Berke and Leroy, Xavier and Treinen, Ralf},
booktitle={Proceedings of the 21\textsuperscript{st} International Conference on Automated Software Engineering},
pages={199--208},
year={2006},
organization={IEEE/ACM}
}
@inproceedings{manheimer1990depot,
title={Depot: A Framework for Sharing Software Installation Across
Organizational and {Unix} Platform Boundaries},
author={Manheimer, Kenneth and Warsay, Barry A. and Clark, Stephen N. and Rowe, Walter},
booktitle={Large Installation Systems Administration conference},
pages={37--46},
year={1990},
organization={USENIX}
}
@misc{martindorel2019overlays,
	title={How to add overlays for {PRs}},
	author={Martin-Dorel, Erik},
	year={2019},
	howpublished={\url{https://github.com/math-comp/math-comp/wiki/How-to-add-overlays-for-PRs}},
	note={Last accessed September 10\textsuperscript{th}, 2019}
}
@misc{math-comp-meeting-notes,
	title={Agenda of the {A}pril 23\textsuperscript{rd} 2019 meeting 9h30 to 12h30},
	author={Cohen, Cyril},
	year={2019},
	howpublished={https://github.com/math-comp/math-comp/wiki/Agenda-of-the-April-23rd-2019-meeting-9h30-to-12h30},
	note={Last accessed August 26\textsuperscript{th}, 2019}
}
@ARTICLE{Matplotlib,
	author={Hunter, J. D.},
	journal={Computing in Science Engineering}, 
	title={Matplotlib: A {2D} Graphics Environment}, 
	year={2007}, 
	volume={9}, 
	number={3}, 
	pages={90-95}, 
	doi={10.1109/MCSE.2007.55}, 
	ISSN={1521-9615}, 
	month={May}
}
@inproceedings{matsakis2014rust,
	title={The {Rust} language},
	author={Matsakis, Nicholas D and Klock II, Felix S},
	booktitle={ACM SIGAda Ada Letters},
	volume={34},
	pages={103--104},
	year={2014},
	organization={ACM}
}
@InProceedings{mckinney-proc-scipy-2010,
author    = {McKinney, Wes},
title     = {Data Structures for Statistical Computing in {Python}},
booktitle = {Proceedings of the 9\textsuperscript{th} Python in Science Conference},
pages     = {51--56},
year      = {2010},
editor    = {St\'efan van der Walt and Jarrod Millman}
}
@misc{melpa_contributing,
	title={Contributing a new recipe to {MELPA}},
	author = {{MELPA team}},
	howpublished={\url{https://github.com/melpa/melpa/blob/master/CONTRIBUTING.org}},
	note={Last accessed September 3\textsuperscript{rd}, 2019}
}
@inproceedings{mens2016ecosystemic,
	title={An ecosystemic and socio-technical view on software maintenance and evolution},
	author={Mens, Tom},
	booktitle={Proceedings of the 34\textsuperscript{th} International Conference on Software Maintenance and Evolution},
	year={2016},
	organization={IEEE}
}
@article{mens2017towards,
	title={Towards an interdisciplinary, socio-technical analysis of software ecosystem health},
	author={Mens, Tom and Adams, Bram and Marsan, Josianne},
	journal={arXiv preprint arXiv:1711.04532},
	year={2017}
}
@misc{merge_script,
	title={\texttt{merge-pr.sh}},
	author={D\'en\`es, Maxime and Tassi, Enrico and others},
	year={2017--2019},
	howpublished={\url{https://github.com/coq/coq/blob/876f767/dev/tools/merge-pr.sh}},
	note={Last accessed October 9\textsuperscript{th}, 2019}
}
@misc{metacpan_api,
	title={{MetaCPAN API} Docs: v1},
	author={Alders, Olaf and Stauner, Randy and others},
	howpublished={\url{https://github.com/metacpan/metacpan-api/blob/90e63f7/docs/API-docs.md}},
	note={Last accessed September 17\textsuperscript{th}, 2019}
}
@misc{meyer2018empirical,
	title={Empirical Answers to Important Software Engineering Questions},
	author={Meyer, Bertrand},
	year={2018},
	howpublished={https://cacm.acm.org/blogs/blog-cacm/224351-empirical-answers-to-important-software-engineering-questions-part-1-of-2/fulltext},
	note={BLOG@CACM. Last accessed September 26\textsuperscript{th}, 2019}
}
@inproceedings{meyerovich2013empirical,
	title={Empirical analysis of programming language adoption},
	author={Meyerovich, Leo A and Rabkin, Ariel S},
	booktitle={ACM SIGPLAN Notices},
	volume={48},
	pages={1--18},
	year={2013},
	organization={ACM}
}
@phdthesis{michlmayr2007thesis,
	title = {Quality Improvement in Volunteer Free and Open Source Software Projects: Exploring the Impact of Release Management},
	author = {Michlmayr, Martin},
	year = {2007},
	school = {University of Cambridge}
}
@misc{mombach2018github,
	title={{GitHub REST API} vs {GHTorrent} vs {GitHub Archive}: A Comparative Study},
	author={Mombach, Tha{\i}s and Valente, Marco Tulio},
	year={2018},
	howpublished = {\url{https://homepages.dcc.ufmg.br/~mtov/pub/2018-vem-thais.pdf}},
	note={Last accessed September 8\textsuperscript{th}, 2019}
}
@inproceedings{morgan2018evaluating,
	title={Evaluating the impact of the {Wikipedia Teahouse} on newcomer socialization and retention.},
	author={Morgan, Jonathan T and Halfaker, Aaron},
	booktitle={Proceedings of the 14\textsuperscript{th} International Symposium on Open Collaboration (OpenSym)},
	year={2018},
	organization={ACM}
}
@inproceedings{mucslu2014transition,
	title={Transition from centralized to decentralized version control systems: A case study on reasons, barriers, and outcomes},
	author={Mu{\c{s}}lu, K{\i}van{\c{c}} and Bird, Christian and Nagappan, Nachiappan and Czerwonka, Jacek},
	booktitle={Proceedings of the 36\textsuperscript{th} International Conference on Software Engineering},
	pages={334--344},
	year={2014},
	organization={ACM}
}
@inproceedings{murphy2014programming,
	title={How programming languages will co-evolve with software engineering: a bright decade ahead},
	author={Murphy-Hill, Emerson and Grossman, Dan},
	booktitle={Proceedings of the 36\textsuperscript{th} International Conference on Software Engineering: Future of Software Engineering},
	pages={145--154},
	year={2014},
	organization={ACM}
}
@inproceedings{nakakoji2002evolution,
	title={Evolution patterns of open-source software systems and communities},
	author={Nakakoji, Kumiyo and Yamamoto, Yasuhiro and Nishinaka, Yoshiyuki and Kishida, Kouichi and Ye, Yunwen},
	booktitle={Proceedings of the International Workshop on Principles of Software Evolution},
	pages={76--85},
	year={2002},
	organization={ACM}
}
@inproceedings{nassif2017revisiting,
	title={Revisiting turnover-induced knowledge loss in software projects},
	author={Nassif, Mathieu and Robillard, Martin P},
	booktitle={Proceedings of the 33\textsuperscript{th} International Conference on Software Maintenance and Evolution},
	pages={261--272},
	year={2017},
	organization={IEEE}
}
@misc{nesbitt2019papers,
	title={Academic papers related to package management and package ecosystems},
	author={Nesbitt, Andrew and Zimmermann, Th\'eo},
	year={2019},
	howpublished={\url{https://github.com/ipfs/package-managers/blob/a09fb7a/docs/papers.md}},
	note={Last accessed September 17\textsuperscript{th}, 2019}
}
@misc{nesbitt2019categories,
	title={Package Manager categories},
	author={Nesbitt, Andrew},
	year={2019},
	howpublished={\url{https://github.com/ipfs/package-managers/blob/3f4a51e/docs/categories.md}},
	note={Last accessed September 17\textsuperscript{th}, 2019}
}
@misc{npm,
	author = {Isaac Z. Schlueter and others},
	title = {{npm}},
	year = {2010--2019},
	howpublished = {\url{https://www.npmjs.com/}},
	note = {Last accessed September 20\textsuperscript{th}, 2019}
}
@misc{npm1,
	author={Doglio, Fernando},
	title={The latest npm breach... or is it?},
	howpublished={\url{https://blog.logrocket.com/the-latest-npm-breach-or-is-it-a427617a4185/}},
	year={2018},
	note={Last accessed July 23\textsuperscript{rd}, 2019}
}
@misc{npm2,
	author={Baldwin, Adam},
	title={Details about the event-stream incident},
	howpublished={\url{https://blog.npmjs.org/post/180565383195}},
	year={2018},
	note={Last accessed July 23\textsuperscript{rd}, 2019}
}
@misc{npm-transfer,
	title={The security risks of changing package owners},
	author={Baldwin, Adam},
	year={2019},
	howpublished={\url{https://blog.npmjs.org/post/182828408610}},
	note={Last accessed September 4\textsuperscript{th}, 2019}
}
@misc{npm-scopes,
	title={About scopes},
	author={{npm, Inc.}},
	howpublished={\url{https://docs.npmjs.com/about-scopes}},
	note={Last accessed August 31\textsuperscript{th}, 2019}
}
@misc{npm-unpublish-documentation,
	title={npm-unpublish: Remove a package from the registry},
	author={{npm, Inc.}},
	howpublished={\url{https://docs.npmjs.com/cli/unpublish}},
	note={Last accessed August 30\textsuperscript{th}, 2019}
}
@misc{npm-unpublish-update,
	title={Changes to npm’s unpublish policy},
	author={Williams, Ashley},
	year={2016},
	howpublished={\url{https://blog.npmjs.org/post/141905368000}},
	note={Last accessed August 30\textsuperscript{th}, 2019}
}
@Misc{numpy,
	author =    {Oliphant, Travis},
	title =     {{NumPy}: A guide to {NumPy}},
	year =      {2006},
	howpublished = {USA: Trelgol Publishing},
	version = {1.16.1},
	url = {\url{http://www.numpy.org/}},
	note = {Last accessed August 17\textsuperscript{th}, 2019}
}
@article{nyman2011fork,
	title={To fork or not to fork: Fork motivations in {SourceForge} projects},
	author={Nyman, Linus and Mikkonen, Tommi},
	journal={International Journal of Open Source Software and Processes},
	volume={3},
	number={3},
	pages={1--9},
	year={2011},
	publisher={IGI Global}
}
@article{nyman2013code,
	title={Code forking, governance, and sustainability in open source software},
	author={Nyman, Linus and Lindman, Juho},
	journal={Technology Innovation Management Review},
	volume={3},
	number={1},
	year={2013}
}
@misc{ocamlformat,
	title={{OCamlFormat}},
	author={{Facebook, Inc.}},
	year={2017--2019},
	howpublished={\url{https://github.com/ocaml-ppx/ocamlformat}},
	note={Last accessed October 6\textsuperscript{th}, 2019}
}
@misc{ocaml_platform,
	title={{OCaml} platform},
	author={{OCaml Labs}},
	year={2019},
	howpublished={\url{https://ocaml.org/platform/}},
	note={Last accessed September 20\textsuperscript{th}, 2019}
}
@article{ooms2013possible,
	title={Possible directions for improving dependency versioning in {R}},
	author={Ooms, Jeroen},
	journal={arXiv preprint arXiv:1303.2140},
	year={2013}
}
@misc{opam2013,
	title={opam: {OCaml} Package Manager },
	author={Gazagnaire, Thomas and Gesbert, Louis and others},
	year={2013--2019},
	howpublished={\url{https://opam.ocaml.org/}},
	note={Last accessed September 10\textsuperscript{th}, 2019}
}
@misc{opam_manual,
	title={The opam manual},
	author={Gazagnaire, Thomas and Gesbert, Louis and others},
	year={2013--2019},
	howpublished={\url{http://opam.ocaml.org/doc/Manual.html}},
	note={Last accessed September 17\textsuperscript{th}, 2019}
}
@misc{opam-publish,
	title={opam-publish},
	author={Gesbert, Louis and others},
	year={2014--2016},
	howpublished={\url{https://github.com/ocaml/opam-publish}},
	note={Last accessed September 17\textsuperscript{th}, 2019}
}
@misc{opensourceguide,
	title = {How to Contribute to Open Source},
	author = {Eghbal, Nadia and Keepers, Brandon and Wills, Stephanie and Linksvayer, Mike and others},
	year = {2016--2019},
	howpublished={\url{https://opensource.guide/how-to-contribute/}},
	note = {Last accessed September 9\textsuperscript{th}, 2019}
}

@article{oxman1994systematic,
	title={Systematic reviews: checklists for review articles},
	author={Oxman, Andrew D},
	journal={Bmj},
	volume={309},
	number={6955},
	pages={648--651},
	year={1994},
	publisher={British Medical Journal Publishing Group}
}
@inproceedings{Palmskog2018regression,
	author = {Palmskog, Karl and Celik, Ahmet and Gligoric, Milos},
	title = {{piCoq}: Parallel Regression Proving for Large-scale Verification Projects},
	booktitle = {Proceedings of the 27\textsuperscript{th} International Symposium on Software Testing and Analysis},
	year = {2018},
	pages = {344--355},
	organization = {ACM},
}
@article{parker2018empowering,
	title={Empowering peer reviewers with a checklist to improve transparency},
	author={Parker, Timothy H and Griffith, Simon C and Bronstein, Judith L and Fidler, Fiona and Foster, Susan and Fraser, Hannah and Forstmeier, Wolfgang and Gurevitch, Jessica and Koricheva, Julia and Seppelt, Ralf and others},
	journal={Nature ecology \& evolution},
	volume={2},
	number={6},
	pages={929},
	year={2018},
	publisher={Nature Publishing Group}
}
@misc{pear,
	author = {{Pear group}},
	title = {{PEAR: PHP} Extension and Application Repository},
	year = {1999},
	howpublished = {\url{https://pear.php.net/}},
	note = {Last accessed September 20\textsuperscript{th}, 2019}
}
@misc{pear_orphaned,
	title={Taking over an unmaintained package},
	author={{PEAR Quality Assurance Team}},
	howpublished={\url{https://pear.php.net/manual/en/newmaint.takingover.php}},
	note={Last accessed September 4\textsuperscript{th}, 2019}
}
@misc{pep1,
	title={{PEP} 1: {PEP} Purpose and Guidelines},
	author={Warsaw, Barry and Hylton, Jeremy and Goodger, David and Coghlan, Nick},
	year={2000},
	howpublished={\url{https://www.python.org/dev/peps/pep-0001/}},
	note={Last accessed October 11\textsuperscript{th}, 2019}
}
@article{perez2010python,
	title={Python: an ecosystem for scientific computing},
	author={Perez, Fernando and Granger, Brian E and Hunter, John D},
	journal={Computing in Science \& Engineering},
	volume={13},
	number={2},
	pages={13--21},
	year={2010},
	publisher={IEEE}
}
@inproceedings{pham2013building,
	title={Building test suites in social coding sites by leveraging drive-by commits},
	author={Pham, Raphael and Singer, Leif and Schneider, Kurt},
	booktitle={Proceedings of the 35\textsuperscript{th} International Conference on Software Engineering},
	pages={1209--1212},
	year={2013},
	organization={IEEE}
}
@misc{pip,
	author = {{Pip developers}},
	title = {{pip}},
	year = {2011},
	howpublished = {\url{https://pypi.org/project/pip/}},
	note = {Last accessed September 20\textsuperscript{th}, 2019}
}
@misc{pitclaudel2016,
	title={An experiment in porting {Coq}'s manual to {reStructuredText}},
	author={Pit-Claudel, Cl\'ement},
	howpublished={\url{https://github.com/cpitclaudel/coq-rst}},
	year={2016},
	note={Last accessed August 17\textsuperscript{th}, 2019}
}
@inproceedings{pitclaudel2016company,
	title        = {{Company-Coq: Taking Proof General one step closer to a real IDE}},
	author       = {Pit-Claudel, Cl\'ement and Courtieu, Pierre},
	year         = {2016},
	booktitle    = {2\textsuperscript{nd} International Workshop on Coq for PL},
	month        = jan,
	address      = {St. Petersburg, Florida, United States},
	doi          = {10.5281/zenodo.44331},
	url          = {https://doi.org/10.5281/zenodo.44331}
}
@misc{ppxgraphql,
	author = {Andreas Garnaes},
	title = {ppx\_graphql: Type-safe {GraphQL} queries in {OCaml}},
	year = {2018},
	howpublished = {\url{https://github.com/andreas/ppx\_graphql}},
	version = {0.2.0},
	note = {Last accessed September 8\textsuperscript{th}, 2019}
}
@misc{preston_semantic_versioning,
	title={Semantic Versioning 2.0.0},
	author={Preston-Werner, Tom},
	year={2013},
	howpublished={\url{https://semver.org}},
	note={Last accessed August 24\textsuperscript{th}, 2019}
}
@misc{preston_toml,
	title={Tom's Obvious, Minimal Language ({TOML})},
	author={Preston-Werner, Tom},
	year={2013--2016},
	howpublished={\url{https://github.com/toml-lang/toml}},
	note = {Last accessed September 18\textsuperscript{th}, 2019}
}
@misc{pypi,
	author = {{Python Software Foundation}},
	title = {{PyPI}: the {Python} Package Index},
	year = {2002--2019},
	howpublished = {\url{https://pypi.org/}},
	note = {Last accessed September 20\textsuperscript{th}, 2019}
}
@inproceedings{rahman2014contrasting,
	title={Contrasting Development and Release Stabilization Work on the {Linux} Kernel},
	author={Rahman, Md Tajmilur and Rigby, Peter C},
	booktitle={International Workshop on Release Engineering},
	year={2014},
	organization={Citeseer}
}
@article{rahman2015release,
	title={Release stabilization on {Linux} and {Chrome}},
	author={Rahman, Md Tajmilur and Rigby, Peter C},
	journal={IEEE Software},
	volume={32},
	number={2},
	pages={81--88},
	year={2015},
	publisher={IEEE}
}
@article{rahmati2017ifttt,
	title={{IFTTT} vs. {Zapier}: A comparative study of trigger-action programming frameworks},
	author={Rahmati, Amir and Fernandes, Earlence and Jung, Jaeyeon and Prakash, Atul},
	journal={arXiv preprint arXiv:1709.02788},
	year={2017}
}
@inproceedings{ray2014large,
title={A large scale study of programming languages and code quality in {GitHub}},
author={Ray, Baishakhi and Posnett, Daryl and Filkov, Vladimir and Devanbu, Premkumar},
booktitle={Proceedings of the 22\textsuperscript{nd} International Symposium on Foundations of Software Engineering},
pages={155--165},
year={2014},
organization={ACM}
}
@book{raymond1996new,
	title={The new hacker's dictionary},
	author={Raymond, Eric S and Steele, Guy L},
	year={1996},
	publisher={Mit Press}
}
@article{raymond1999cathedral,
	title={The cathedral and the bazaar},
	author={Raymond, Eric},
	journal={Knowledge, Technology \& Policy},
	volume={12},
	number={3},
	pages={23--49},
	year={1999},
	publisher={Springer}
}
@misc{reitz2018requests,
	author = {Reitz, Kenneth},
	title = {Requests: {HTTP} for Humans},
	year = {2011--2019},
	howpublished = {\url{https://2.python-requests.org/en/master/}},
	note = {Last accessed August 14\textsuperscript{th}, 2019}
}
@inproceedings{rigby2016quantifying,
	title={Quantifying and mitigating turnover-induced knowledge loss: Case studies of {Chrome} and a project at {Avaya}},
	author={Rigby, Peter C and Zhu, Yue Cai and Donadelli, Samuel M and Mockus, Audris},
	booktitle={Proceedings of the 38\textsuperscript{th} International Conference on Software Engineering},
	pages={1006--1016},
	year={2016},
	organization={IEEE/ACM}
}
@inproceedings{ringer2018adapting,
	title={Adapting proof automation to adapt proofs},
	author={Ringer, Talia and Yazdani, Nathaniel and Leo, John and Grossman, Dan},
	booktitle={Proceedings of the 7\textsuperscript{th} International Conference on Certified Programs and Proofs},
	pages={115--129},
	year={2018},
	organization={ACM}
}
@article{ringer2019qed,
	title={{QED} at Large: A Survey of Engineering of Formally Verified Software},
	author={Ringer, Talia and Palmskog, Karl and Sergey, Ilya and Gligoric, Milos and Tatlock, Zachary},
	journal={Foundations and Trends in Programming Languages},
	volume={5},
	number={2-3},
	pages={102--281},
	year={2019},
	publisher={Now Publishers, Inc.}
}
@techreport{rivest1997sexp,
	title={S-Expressions},
	author={Rivest, Ron},
	year={1997},
	institution={Network Working Group},
	type={{Internet draft}}
}
@inproceedings{robles2009evolution,
	title={Evolution of the core team of developers in libre software projects},
	author={Robles, Gregorio and Gonzalez-Barahona, Jesus M and Herraiz, Israel},
	booktitle={Proceedings of the 6\textsuperscript{th} International Working Conference on Mining Software Repositories},
	year={2009},
	organization={IEEE}
}
@inproceedings{robles2012comprehensive,
	title={A comprehensive study of software forks: Dates, reasons and outcomes},
	author={Robles, Gregorio and Gonz{\'a}lez-Barahona, Jes{\'u}s M},
	booktitle={International Conference on Open Source Systems},
	pages={1--14},
	year={2012},
	organization={IFIP}
}
@inproceedings{rodriguez2012distributed,
	title={How distributed version control systems impact open source software projects},
	author={Rodr{\'\i}guez-Bustos, Christian and Aponte, Jairo},
	booktitle={Proceedings of the 9\textsuperscript{th} International Working Conference on Mining Software Repositories},
	pages={36--39},
	year={2012},
	organization={IEEE}
}
@inproceedings{roveda2017does,
	title={Does the Migration to {GitHub} Relate to Internal Software Quality?},
	author={Roveda, Riccardo and Fontana, Francesca Arcelli and Raibulet, Claudia and Zanoni, Marco and Rampazzo, Federico},
	booktitle={Proceedings of the 12\textsuperscript{th} International Conference on Evaluation of Novel Approaches to Software Engineering},
	pages={293--300},
	year={2017},
        publisher={ScitePress}
}
@misc{rpm,
	title={{RPM} Package Manager},
	author={Ewing, Marc and Troan, Erik and others},
	year={1997--2018},
	howpublished={\url{https://rpm.org/}},
	note = {Last accessed September 17\textsuperscript{th}, 2019}
}
@misc{rust_rfc_book,
	title={The {Rust RFC} Book},
	author={{Rust team}},
	year={2014--2019},
	howpublished={\url{https://rust-lang.github.io/rfcs/introduction.html}},
	note = {Last accessed October 11\textsuperscript{th}, 2019}
}
@book{Sametinger:1997:SER:260943,
	author = {Sametinger, Johannes},
	title = {Software Engineering with Reusable Components},
	year = {1997},
	isbn = {3-540-62695-6},
	publisher = {Springer-Verlag},
	address = {Berlin, Heidelberg},
}
@inproceedings{sarkar2019triaging,
	title={Improving Bug Triaging with High Confidence Predictions at {Ericsson}},
	author={Sarkar, Aindrila and Rigby, Peter C. and Bartalos, B\'ela},
	year={2019},
	booktitle={Proceedings of the 35\textsuperscript{th} International Conference on Software Maintenance and Evolution},
	organization={IEEE}
}
@misc{scala_platform,
	title={Scala Platform},
	author={{Scala Platform Committee}},
	year={2016},
	howpublished={\url{https://scalacenter.github.io/platform/platform.html}},
	note = {Last accessed September 20\textsuperscript{th}, 2019}
}
@Misc{Scipy,
	author =    {Jones, Eric and Oliphant, Travis and Peterson, Pearu and others},
	title =     {{SciPy}: Open source scientific tools for {Python}},
	year =      {2001},
	url = {\url{http://www.scipy.org/}},
	note = {Last accessed August 17\textsuperscript{th}, 2019}
}
@ARTICLE{segal2008scientific,
	author = {J. Segal and C. Morris},
	journal = {IEEE Software},
	title = {Developing Scientific Software},
	year = {2008},
	volume = {25},
	number = {04},
	issn = {1937-4194},
	pages = {18-20},
	keywords = {scientific computing;high-performance computing;simulation;data visualization},
	doi = {10.1109/MS.2008.85},
	publisher = {IEEE Computer Society},
	address = {Los Alamitos, CA, USA},
	month = {jul}
}
@inproceedings{sheoran2014understanding,
	title={Understanding watchers on GitHub},
	author={Sheoran, Jyoti and Blincoe, Kelly and Kalliamvakou, Eirini and Damian, Daniela and Ell, Jordan},
	booktitle={Proceedings of the 11\textsuperscript{th} Working Conference on Mining Software Repositories},
	pages={336--339},
	year={2014},
	organization={ACM}
}
@misc{snap,
	title={Snapcraft: The app store for {Linux}},
	author={{Canonical Ltd.}},
	year={2015--2019},
	howpublished={\url{https://snapcraft.io/}},
	note = {Last accessed September 18\textsuperscript{th}, 2019}	
}
@misc{souschefs_fork,
	title={Forking to {Sous Chefs}},
	author={Webb, Dan},
	year={2017},
	howpublished={\url{https://sous-chefs.org/docs/forking/}},
	note={Last accessed September 7\textsuperscript{th}, 2019}
}
@misc{souschefs_transfer,
	title={Transferring to {Sous Chefs}},
	author={Webb, Dan},
	year={2017},
	howpublished={\url{https://sous-chefs.org/docs/transferring/}},
	note={Last accessed September 7\textsuperscript{th}, 2019}
}
@article{sowe2013multi,
	title={A multi-repository approach to study the topology of open source bugs communities: Implications for software and code quality},
	author={Sowe, Sulayman K and Ghosh, Rishab A and Haaland, Kirsten},
	journal={International Journal of Computer Theory and Engineering},
	volume={5},
	number={1},
	pages={138},
	year={2013},
	publisher={IACSIT Press}
}
@misc{spdx,
	title={Software Package Data Exchange ({SPDX})},
	author={{SPDX workgroup}},
	year={2010--2016},
	howpublished={\url{https://spdx.org/}},
	note={Last accessed September 18\textsuperscript{th}, 2019}
}
@misc{speicher2018changelog,
	title={How we solved {GitLab}'s CHANGELOG conflict crisis},
	author={Speicher, Robert},
	year={2018},
	howpublished={\url{https://about.gitlab.com/2018/07/03/solving-gitlabs-changelog-conflict-crisis/}},
	note={Last accessed August 26\textsuperscript{th}, 2019}
}
@article{spinellis2005vcs,
	author={Spinellis, Diomidis},
	journal={IEEE Software},
	title={Version control systems},
	year={2005},
	volume={22},
	pages={108--109},
	doi={10.1109/MS.2005.140},
	ISSN={0740-7459},
}
@misc{sphinx,
	title={Sphinx, {P}ython documentation generator},
	author={Brandl, Georg},
	howpublished={\url{http://www.sphinx-doc.org/}},
        year={2008--2019},
	note={Last accessed August 17\textsuperscript{th}, 2019}
}
@inproceedings{squire2015should,
	title={``{S}hould We Move to {Stack Overflow}?'' {M}easuring the Utility of Social Media for Developer Support},
	author={Squire, Megan},
	booktitle={Proceedings of the 37\textsuperscript{th} International Conference on Software Engineering},
	volume={2},
	pages={219--228},
	year={2015},
	organization={IEEE/ACM}
}
@misc{stackage,
	author = {{Stackage team}},
	title = {Stackage},
	year = {2015},
	howpublished = {\url{https://www.stackage.org/}},
	note = {Last accessed September 20\textsuperscript{th}, 2019}
}
@misc{stale,
	title={Stale Probot},
	author={Keepers, Brandon},
	year={2017--2019},
	howpublished={\url{https://probot.github.io/apps/stale/}},
	note = {Last accessed October 11\textsuperscript{th}, 2019}
}
@book{stallman1981emacs,
	title={EMACS the extensible, customizable self-documenting display editor},
	author={Stallman, Richard M},
	year={1981},
	publisher={ACM}
}
@techreport{statacorp2013stata,
	title={Stata statistical software: Release 16},
	author={StataCorp},
	year={2019},
	institution={Statacorp LLC}
}
@misc{statsmodel,
	author = {Perktold, Josef and Seabold, Skipper and Taylor, Jonathan},
	title = {{StatsModels}: Statistics in {Python}},
	year = {2006--2019},
	howpublished = {\url{https://www.statsmodels.org/stable/index.html}},
	note = {Last accessed August 17\textsuperscript{th}, 2019}
}
@article{STEINMACHER201567,
	title = {A systematic literature review on the barriers faced by newcomers to open source software projects},
	journal = {Information and Software Technology},
	volume = {59},
	pages = {67-85},
	year = {2015},
	author = {Steinmacher, Igor and Graciotto Silva, Marco Aurelio and Gerosa, Marco Aurelio and Redmiles, David F.},
}
@inproceedings{storey2016disrupting,
	title={Disrupting developer productivity one bot at a time},
	author={Storey, Margaret-Anne and Zagalsky, Alexey},
	booktitle={Proceedings of the 24\textsuperscript{th} International Symposium on Foundations of Software Engineering},
	pages={928--931},
	year={2016},
	organization={ACM}
}
@article{strate2013literature,
	title={A literature review of research in software defect reporting},
	author={Strate, Jonathan D and Laplante, Phillip A},
	journal={IEEE Transactions on Reliability},
	volume={62},
	number={2},
	pages={444--454},
	year={2013},
	publisher={IEEE}
}
@misc{svn,
	author = {{Apache Software Foundation}},
	title = {{Apache Subversion}},
	year = {2000--2019},
	howpublished = {\url{https://svn.apache.org/viewvc/subversion/trunk/}},
	note = {Last accessed September 20\textsuperscript{th}, 2019}
}
@misc{symfony_pull_request,
	title={Proposing a Change},
	author={{Symfony team}},
	version={4.3},
	howpublished={\url{https://symfony.com/doc/current/contributing/code/pull_requests.html}},
	note={Last accessed August 24\textsuperscript{th}, 2019}
}
@article{tamburri2015social,
	title={Social debt in software engineering: insights from industry},
	author={Tamburri, Damian A and Kruchten, Philippe and Lago, Patricia and Van Vliet, Hans},
	journal={Journal of Internet Services and Applications},
	volume={6},
	number={1},
	pages={10},
	year={2015}
}
@misc{texlive,
	author = {Rahtz, Sebastian and others},
	title = {{TeX Live} Distribution},
	year = {1996--2019},
	howpublished = {\url{http://www.tug.org/texlive/}},
	note = {Last accessed September 20\textsuperscript{th}, 2019}
}
@inproceedings{teyton2012mining,
	title={Mining library migration graphs},
	author={Teyton, C{\'e}dric and Falleri, Jean-R{\'e}my and Blanc, Xavier},
	booktitle={Proceedings of the 19\textsuperscript{th} Working Conference on Reverse Engineering},
	pages={289--298},
	year={2012},
	organization={IEEE}
}
@inproceedings{teyton2013automatic,
	title={Automatic discovery of function mappings between similar libraries},
	author={Teyton, C{\'e}dric and Falleri, Jean-R{\'e}my and Blanc, Xavier},
	booktitle={Proceedings of the 20\textsuperscript{th} Working Conference on Reverse Engineering},
	pages={192--201},
	year={2013},
	organization={IEEE}
}
@misc{tisue2018scala,
	title={Scala community build grows to 141 projects, 2.8 million lines of code},
	author={Tisue, Seth},
	year={2018},
	howpublished={\url{https://www.scala-lang.org/2018/01/16/community-build-growth.html}},
	note={Last accessed September 11\textsuperscript{th}, 2019}
}
@inproceedings{torchiano2011my,
	title={Is my project's truck factor low? {T}heoretical and empirical considerations about the truck factor threshold},
	author={Torchiano, Marco and Ricca, Filippo and Marchetto, Alessandro},
	booktitle={Proceedings of the 2\textsuperscript{nd} International Workshop on Emerging Trends in Software Metrics},
	pages={12--18},
	year={2011},
	organization={ACM}
}
@misc{torvalds2005git,
	title={git},
	author={Torvalds, Linus and Hamano, Junio and others},
	year={2005--2019},
	howpublished={\url{https://git-scm.com/}},
	note={Last accessed September 8\textsuperscript{th}, 2019}
}
@misc{torvalds2007git,
	title={Tech Talk: {Linus Torvalds} on git},
	author={Torvalds, Linus},
	year={2007},
	howpublished={\url{https://www.youtube.com/watch?v=4XpnKHJAok8}},
	note={Transcript available at \\ \url{https://git.wiki.kernel.org/index.php/LinusTalk200705Transcript}. \\ Last accessed September 8\textsuperscript{th}, 2019}
}
@inproceedings{tourani2017code,
	title={Code of conduct in open source projects},
	author={Tourani, Parastou and Adams, Bram and Serebrenik, Alexander},
	booktitle={Proceedings of the 24\textsuperscript{th} International Conference on Software Analysis, Evolution and Reengineering (SANER)},
	pages={24--33},
	year={2017},
	organization={IEEE}
}
@misc{travisci,
	title={{Travis CI}},
	author={Fuchs, Sven and others},
	year={2011--2019},
	howpublished={\url{https://travis-ci.com/}},
	note={Last accessed September 9\textsuperscript{th}, 2019}
}
@misc{tridgell_jitterbug,
	title={JitterBug},
	author={Tridgell, Andrew and Shearer, Dan},
	howpublished={\url{https://jitterbug.samba.org/}},
	note={Last accessed September 12\textsuperscript{th}, 2019}
}
@inproceedings{trockman2018adding,
	title={Adding sparkle to social coding: an empirical study of repository badges in the npm ecosystem},
	author={Trockman, Asher and Zhou, Shurui and K{\"a}stner, Christian and Vasilescu, Bogdan},
	booktitle={Proceedings of the 40\textsuperscript{th} International Conference on Software Engineering},
	pages={511--522},
	year={2018},
	organization={IEEE/ACM}
}
@misc{upadhyay_forks,
	title={Lovely forks},
	author={Upadhyay, Utkarsh},
	year={2015--2018},
	howpublished={\url{https://github.com/musically-ut/lovely-forks}},
	note={Last accessed September 3\textsuperscript{rd}, 2019}
}
@inproceedings{valiev2018ecosystem,
	title={Ecosystem-level determinants of sustained activity in open-source projects: A case study of the {PyPI} ecosystem},
	author={Valiev, Marat and Vasilescu, Bogdan and Herbsleb, James},
	booktitle={Proceedings of the 26\textsuperscript{th} Joint Meeting on European Software Engineering Conference and Symposium on the Foundations of Software Engineering},
	pages={644--655},
	year={2018},
	organization={ACM}
}
@techreport{vanrossum1995,
	title= {Python tutorial},
	author = {G. van Rossum},
	number={CS-R9526},
	institution= {Centrum voor Wiskunde en Informatica (CWI)},
	year= {1995},
	address={Amsterdam},
	month={May}
}
@inproceedings{van2007python,
	title={Python Programming Language.},
	author={Van Rossum, Guido and others},
	booktitle={USENIX annual technical conference},
	volume={41},
	pages={36},
	year={2007}
}
@inproceedings{van2009shallow,
	title={How shallow is a bug? {Why} open source communities shorten the repair time of software defects},
	author={van Liere, Diederik W},
	booktitle={Proceedings of the 30\textsuperscript{th} International Conference on Information Systems},
	pages={195},
	year={2009}
}
@inproceedings{vasilescu2014social,
	title={{How social Q\&A sites are changing knowledge sharing in open source software communities}},
	author={Vasilescu, Bogdan and Serebrenik, Alexander and Devanbu, Prem and Filkov, Vladimir},
	booktitle={Proceedings of the 17\textsuperscript{th} Conference on Computer Supported Cooperative Work \& social computing},
	pages={342--354},
	year={2014},
	organization={ACM}
}
@article{von2003community,
	title={Community, joining, and specialization in open source software innovation: a case study},
	author={Von Krogh, Georg and Spaeth, Sebastian and Lakhani, Karim R},
	journal={Research policy},
	volume={32},
	number={7},
	pages={1217--1241},
	year={2003},
	publisher={Elsevier}
}
@inproceedings{vouillon2008lwt,
	title={Lwt: a cooperative thread library},
	author={Vouillon, J{\'e}r{\^o}me},
	booktitle={Proceedings of the 2008 ACM SIGPLAN workshop on ML},
	pages={3--12},
	year={2008},
	organization={ACM}
}
@misc{voxpupuli2016migrating,
	title={Migrating a module to {Vox Pupuli}},
	author={{Vox Pupuli team}},
	year={2016--2018},
	howpublished={\url{https://voxpupuli.org/docs/migrate\_module/}},
	note={Last accessed September 6\textsuperscript{th}, 2019}
}
@book{wooldridge2015introductory,
	title={Introductory econometrics: A modern approach},
	author={Wooldridge, Jeffrey M},
	year={2015},
	publisher={Nelson Education}
}
@article{wagner2002segmented,
title={Segmented regression analysis of interrupted time series studies in medication use research},
author={Wagner, Anita K and Soumerai, Stephen B and Zhang, Fang and Ross-Degnan, Dennis},
journal={Journal of clinical pharmacy and therapeutics},
volume={27},
number={4},
pages={299--309},
year={2002},
publisher={Wiley Online Library}
}
@misc{waybackmachine,
	title={Wayback Machine},
	author={Kahle, Brewster and Gilliat, Bruce},
	organization={Internet Archive},
	url={\url{http://web.archive.org/}},
	year={2001}
}
@book{weber2004success,
	title={The success of open source},
	author={Weber, Steve},
	year={2004},
	publisher={Harvard University Press}
}
@article{wen2019ptracer,
	title={{PTracer}: A {Linux} Kernel Patch Trace Bot},
	author={Wen, Yang and Cao, Jicheng and Cheng, Shengyu},
	journal={arXiv preprint arXiv:1903.03610},
	year={2019}
}
@inproceedings{widder2018m,
	title={I'm leaving you, {Travis}: a continuous integration breakup story},
	author={Widder, David and Vasilescu, Bogdan and Hilton, Michael and K{\"a}stner, Christian},
	booktitle={Proceedings of the 15\textsuperscript{th} International Conference on Mining Software Repositories},
	pages={165--169},
	year={2018},
	organization={IEEE/ACM}
}
@inproceedings{wu2015rise,
	title={The rise of curation on {GitHub}},
	author={Wu, Yu and Kropcznyski, Jessica and Prates, Raquel and Carroll, John M},
	booktitle={3\textsuperscript{rd} AAAI conference on human computation and crowdsourcing},
	year={2015}
}
@inproceedings{yamashita2015revisiting,
	title={Revisiting the applicability of the {Pareto} principle to core development teams in open source software projects},
	author={Yamashita, Kazuhiro and McIntosh, Shane and Kamei, Yasutaka and Hassan, Ahmed E and Ubayashi, Naoyasu},
	booktitle={Proceedings of the 14\textsuperscript{th} International Workshop on Principles of Software Evolution},
	pages={46--55},
	year={2015},
	organization={ACM}
}
@misc{yarn,
	author = {{Yarn contributors}},
	title = {Yarn},
	year = {2016--2019},
	howpublished = {\url{https://yarnpkg.com/}},
	note = {Last accessed September 20\textsuperscript{th}, 2019}
}
@inproceedings{ye2003toward,
	title={Toward an understanding of the motivation of Open Source Software developers},
	author={Ye, Yunwen and Kishida, Kouichi},
	booktitle={Proceedings of the 25\textsuperscript{th} International Conference on Software Engineering},
	pages={419--429},
	year={2003},
	organization={IEEE/ACM}
}
@misc{Yojson,
	author = {Martin Jambon and others},
	title = {Yojson: Low-level {JSON} parsing and pretty-printing library for {OCaml}},
	year = {2012--2019},
	howpublished = {\url{https://ocaml-community.github.io/yojson/yojson/Yojson/index.html}},
	version = {1.7.0},
	note = {Last accessed September 7\textsuperscript{th}, 2019}
}
@misc{yum,
	title={Yellowdog Updater Modified},
	author={Vidal, Seth and others},
	year={},
	howpublished={\url{http://yum.baseurl.org/}},
	note = {Last accessed September 17\textsuperscript{th}, 2019}
}
@inproceedings{zerouali2019diversity,
title={On the diversity of software package popularity metrics: An empirical study of npm},
author={Zerouali, Ahmed and Mens, Tom and Robles, Gregorio and Gonzalez-Barahona, Jesus M},
booktitle={Proceedings of the 26\textsuperscript{th} International Conference on Software Analysis, Evolution and Reengineering (SANER)},
pages={589--593},
year={2019},
organization={IEEE}
}
@misc{zimmermann2014science,
	title={What good can massive-scale collaboration bring to science?},
	author={Zimmermann, Th\'eo},
	year={2014},
	howpublished={\url{https://www.theozimmermann.net/2014/09/15/massive-collaboration-in-science/}},
	note={Last accessed October 10\textsuperscript{th}, 2019}
}
@misc{zimmermann2014proof,
	title={Getting thousands to millions of people working on a single mathematical proof},
	author={Zimmermann, Th\'eo},
	year={2014},
	howpublished={\url{https://www.theozimmermann.net/2014/11/06/collaborative-proofs/}},
	note={Last accessed October 10\textsuperscript{th}, 2019}
}
@misc{zimmermann2014interface,
	title={A key to massively collaborative math is a good interface for writing proofs},
	author={Zimmermann, Th\'eo},
	year={2014},
	howpublished={\url{https://www.theozimmermann.net/2014/12/feedback-collaborative-proofs/}},
	note={Last accessed October 10\textsuperscript{th}, 2019}
}
@inproceedings{zimmermann:hal-01951176,
	title={Impact of switching bug trackers: a case study on a medium-sized open source project},
	author={Zimmermann, Th\'eo and Casanueva Art\'is, Annal\'i},
	booktitle={Proceedings of the 35\textsuperscript{th} International Conference on Software Maintenance and Evolution},
	year={2019},
	organization={IEEE}
}
@misc{zimmermann2019contributors,
	title={Evolution of the number of contributors over time},
	author={Zimmermann, Th\'eo},
	year={2019},
	howpublished={\url{https://mybinder.org/v2/gh/Zimmi48/thesis/master?filepath=notebooks\%2Fgithub-contributors\%2FGitHub_contributors.ipynb}},
	note={Last accessed October 13\textsuperscript{th}, 2019}
}
@misc{zimmermann2019templates,
	title={Empirical evaluation of the impact of labels and templates on pull request quality},
	author={Zimmermann, Th\'eo},
	year={2019},
	howpublished={\url{https://mybinder.org/v2/gh/Zimmi48/thesis/master?filepath=notebooks\%2Ftemplates\%2FTemplates.ipynb}},
	note={Last accessed October 13\textsuperscript{th}, 2019}
}
@misc{zimmermann2019ci,
	title={Assessment of tests with external reverse dependencies},
	author={Zimmermann, Th\'eo},
	year={2019},
	howpublished={\url{https://mybinder.org/v2/gh/Zimmi48/thesis/master?filepath=notebooks\%2Fbreaking-changes\%2FBreaking_changes.ipynb}},
	note={Last accessed October 13\textsuperscript{th}, 2019}
}
@misc{zimmermann2019bugtracker,
	title={Empirical evaluation of the switch of bug trackers},
	author={Zimmermann, Th\'eo and Casanueva Art\'is, Annal\'i},
	year={2019},
	howpublished={\url{https://mybinder.org/v2/gh/Zimmi48/thesis/master?filepath=notebooks\%2Fbug-tracker\%2FGitHub_migration.ipynb}},
	note={Last accessed October 13\textsuperscript{th}, 2019}
}
@misc{zimmermann2019librariesio,
	title={Evaluation of the prevalence of single-maintainer packages},
	author={Zimmermann, Th\'eo},
	year={2019},
	howpublished={\url{https://mybinder.org/v2/gh/Zimmi48/thesis/master?filepath=notebooks\%2Flibraries-io\%2FLibraries.io.ipynb}},
	note={Last accessed October 13\textsuperscript{th}, 2019}
}
@misc{zimmermann2019community,
	title={Automatic discovery of community organizations for long-term package maintenance},
	author={Zimmermann, Th\'eo},
	year={2019},
	howpublished={\url{https://mybinder.org/v2/gh/Zimmi48/thesis/master?filepath=notebooks\%2Fcommunity-orgs\%2FCommunity_organizations.ipynb}},
	note={Last accessed October 13\textsuperscript{th}, 2019}
}
@misc{zimmermann2019supplementary,
        title={Source and supporting data for ``{I}mpact of switching bug trackers: a case study on a medium-sized open source project''},
        author={Zimmermann, Th\'eo and Casanueva Art\'is, Annal\'i},
	year={2019},
	howpublished={\url{https://github.com/Zimmi48/impact-of-switching-bug-trackers}},
	note={Last accessed January 10\textsuperscript{th}, 2020}
}
@article{zhang2016literature,
	title={A literature review of research in bug resolution: Tasks, challenges and future directions},
	author={Zhang, Tao and Jiang, He and Luo, Xiapu and Chan, Alvin TS},
	journal={The Computer Journal},
	volume={59},
	number={5},
	pages={741--773},
	year={2016},
	publisher={Oxford University Press}
}
@inproceedings{zhao2017impact,
	title={The impact of continuous integration on other software development practices: a large-scale empirical study},
	author={Zhao, Yangyang and Serebrenik, Alexander and Zhou, Yuming and Filkov, Vladimir and Vasilescu, Bogdan},
	booktitle={Proceedings of the 32\textsuperscript{nd} International Conference on Automated Software Engineering},
	pages={60--71},
	year={2017},
	organization={IEEE/ACM}
}
@inproceedings{zhou2019fork,
	title={What the fork: a study of inefficient and efficient forking practices in social coding},
	author={Zhou, Shurui and Vasilescu, Bogdan and K{\"a}stner, Christian},
	booktitle={Proceedings of the 27\textsuperscript{th} Joint Meeting on European Software Engineering Conference and Symposium on the Foundations of Software Engineering},
	pages={350--361},
	year={2019},
	organization={ACM}
}
@inproceedings{zou2019branches,
title={Branch Use in Practice: A Large-Scale Empirical Study of 2,923 Projects on {GitHub}},
author={Zou, Weiqin and Zhang, Weiqiang and Xia, Xin and Holmes, Reid and Chen, Zhenyu},
year={2019},
booktitle={Proceedings of the 19\textsuperscript{th} International Conference on Software Quality, Reliability, and Security},
organization={IEEE}
}
